@article{Visscher201710Translation.,
    title = {{10 Years of GWAS Discovery: Biology, Function, and Translation.}},
    year = {2017},
    journal = {American journal of human genetics},
    author = {Visscher, Peter M and Wray, Naomi R and Zhang, Qian and Sklar, Pamela and McCarthy, Mark I and Brown, Matthew A and Yang, Jian},
    number = {1},
    month = {7},
    pages = {5--22},
    volume = {101},
    doi = {10.1016/j.ajhg.2017.06.005},
    issn = {1537-6605},
    pmid = {28686856}
}

@article{Robinson2010ttedgeR/ttData,
    title = {{<tt>edgeR</tt> : a Bioconductor package for differential expression analysis of digital gene expression data}},
    year = {2010},
    journal = {Bioinformatics},
    author = {Robinson, Mark D. and McCarthy, Davis J. and Smyth, Gordon K.},
    number = {1},
    month = {1},
    pages = {139--140},
    volume = {26},
    doi = {10.1093/bioinformatics/btp616},
    issn = {1367-4811}
}

@article{Karnkowska2016AOrganelle,
    title = {{A Eukaryote without a Mitochondrial Organelle}},
    year = {2016},
    journal = {Current Biology},
    author = {Karnkowska, Anna and Vacek, Vojtěch and Zub{\'{a}}{\v{c}}ov{\'{a}}, Zuzana and Treitli, Sebastian C. and Petr{\v{z}}elkov{\'{a}}, Romana and Eme, Laura and Nov{\'{a}}k, Lukáš and {\v{Z}}{\'{a}}rsk{\'{y}}, Vojtěch and Barlow, Lael D. and Herman, Emily K. and Soukal, Petr and Hroudov{\'{a}}, Miluše and Dole{\v{z}}al, Pavel and Stairs, Courtney W. and Roger, Andrew J. and Eli{\'{a}}{\v{s}}, Marek and Dacks, Joel B. and Vl{\v{c}}ek, Čestmír and Hampl, Vladimír},
    number = {10},
    month = {5},
    pages = {1274--1284},
    volume = {26},
    doi = {10.1016/j.cub.2016.03.053},
    issn = {09609822}
}

@article{Adzhubei2010AMutations,
    title = {{A method and server for predicting damaging missense mutations}},
    year = {2010},
    journal = {Nature Methods},
    author = {Adzhubei, Ivan A and Schmidt, Steffen and Peshkin, Leonid and Ramensky, Vasily E and Gerasimova, Anna and Bork, Peer and Kondrashov, Alexey S and Sunyaev, Shamil R},
    number = {4},
    month = {4},
    pages = {248--249},
    volume = {7},
    doi = {10.1038/nmeth0410-248},
    issn = {1548-7091}
}

@article{Riboldi2022AParkinsonism,
    title = {{A Practical Approach to Early-Onset Parkinsonism}},
    year = {2022},
    journal = {Journal of Parkinson's Disease},
    author = {Riboldi, Giulietta M. and Frattini, Emanuele and Monfrini, Edoardo and Frucht, Steven J. and Di Fonzo, Alessio},
    number = {1},
    month = {1},
    pages = {1--26},
    volume = {12},
    doi = {10.3233/JPD-212815},
    issn = {18777171}
}

@article{Abbas1999AEurope,
    title = {{A Wide Variety of Mutations in the Parkin Gene Are Responsible for Autosomal Recessive Parkinsonism in Europe}},
    year = {1999},
    journal = {Human Molecular Genetics},
    author = {Abbas, N. and Lucking, C. B. and Ricard, S. and Durr, A. and Bonifati, V. and De Michele, G. and Bouley, S. and Vaughan, J. R. and Gasser, T. and Marconi, R. and Broussolle, E. and Brefel-Courbon, C. and Harhangi, B. S. and Oostra, B. A. and Fabrizio, E. and Bohme, G. A. and Pradier, L. and Wood, N. W. and Filla, A. and Meco, G. and Denefle, P. and Agid, Y. and Brice, A.},
    number = {4},
    month = {4},
    pages = {567--574},
    volume = {8},
    doi = {10.1093/hmg/8.4.567},
    issn = {0964-6906}
}

@article{Forloni2023AlphaInflammation,
    title = {{Alpha Synuclein: Neurodegeneration and Inflammation}},
    year = {2023},
    journal = {International Journal of Molecular Sciences},
    author = {Forloni, Gianluigi},
    number = {6},
    month = {3},
    pages = {5914},
    volume = {24},
    doi = {10.3390/ijms24065914},
    issn = {1422-0067}
}

@article{Parkinson2002AnPalsy,
    title = {{An Essay on the Shaking Palsy}},
    year = {2002},
    journal = {The Journal of Neuropsychiatry and Clinical Neurosciences},
    author = {Parkinson, James},
    number = {2},
    month = {5},
    pages = {223--236},
    volume = {14},
    doi = {10.1176/jnp.14.2.223},
    issn = {0895-0172}
}

@incollection{Duffy2017AnalysisLoci,
    title = {{Analysis of Quantitative Trait Loci}},
    year = {2017},
    author = {Duffy, David L.},
    pages = {191--203},
    doi = {10.1007/978-1-4939-6613-4{\_}11}
}

@article{Wang2010ANNOVAR:Data,
    title = {{ANNOVAR: functional annotation of genetic variants from high-throughput sequencing data}},
    year = {2010},
    journal = {Nucleic Acids Research},
    author = {Wang, K. and Li, M. and Hakonarson, H.},
    number = {16},
    month = {9},
    pages = {e164-e164},
    volume = {38},
    doi = {10.1093/nar/gkq603},
    issn = {0305-1048}
}

@article{Giambartolomei2014BayesianStatistics,
    title = {{Bayesian Test for Colocalisation between Pairs of Genetic Association Studies Using Summary Statistics}},
    year = {2014},
    journal = {PLoS Genetics},
    author = {Giambartolomei, Claudia and Vukcevic, Damjan and Schadt, Eric E. and Franke, Lude and Hingorani, Aroon D. and Wallace, Chris and Plagnol, Vincent},
    number = {5},
    month = {5},
    pages = {e1004383},
    volume = {10},
    doi = {10.1371/journal.pgen.1004383},
    issn = {1553-7404}
}

@article{Schubach2024CADDPredictions,
    title = {{CADD v1.7: using protein language models, regulatory CNNs and other nucleotide-level scores to improve genome-wide variant predictions}},
    year = {2024},
    journal = {Nucleic Acids Research},
    author = {Schubach, Max and Maass, Thorben and Nazaretyan, Lusiné and R{\"{o}}ner, Sebastian and Kircher, Martin},
    number = {D1},
    month = {1},
    pages = {D1143-D1154},
    volume = {52},
    doi = {10.1093/nar/gkad989},
    issn = {0305-1048}
}

@article{Burre2018Cell-Synuclein,
    title = {{Cell Biology and Pathophysiology of {$\alpha$}-Synuclein}},
    year = {2018},
    journal = {Cold Spring Harbor Perspectives in Medicine},
    author = {Burr{\'{e}}, Jacqueline and Sharma, Manu and S{\"{u}}dhof, Thomas C.},
    number = {3},
    month = {3},
    pages = {a024091},
    volume = {8},
    doi = {10.1101/cshperspect.a024091},
    issn = {2157-1422}
}

@article{Tolosa2021ChallengesDisease,
    title = {{Challenges in the diagnosis of Parkinson's disease}},
    year = {2021},
    journal = {The Lancet Neurology},
    author = {Tolosa, Eduardo and Garrido, Alicia and Scholz, Sonja W and Poewe, Werner},
    number = {5},
    month = {5},
    pages = {385--397},
    volume = {20},
    doi = {10.1016/S1474-4422(21)00030-2},
    issn = {14744422}
}

@article{Langston1983ChronicSynthesis,
    title = {{Chronic Parkinsonism in Humans Due to a Product of Meperidine-Analog Synthesis}},
    year = {1983},
    journal = {Science},
    author = {Langston, J. William and Ballard, Philip and Tetrud, James W. and Irwin, Ian},
    number = {4587},
    month = {2},
    pages = {979--980},
    volume = {219},
    doi = {10.1126/science.6823561},
    issn = {0036-8075}
}

@article{Betarbet2000ChronicDisease,
    title = {{Chronic systemic pesticide exposure reproduces features of Parkinson's disease}},
    year = {2000},
    journal = {Nature Neuroscience},
    author = {Betarbet, Ranjita and Sherer, Todd B. and MacKenzie, Gillian and Garcia-Osuna, Monica and Panov, Alexander V. and Greenamyre, J. Timothy},
    number = {12},
    month = {12},
    pages = {1301--1306},
    volume = {3},
    doi = {10.1038/81834},
    issn = {1097-6256}
}

@article{Choi2003CombiningVariation,
    title = {{Combining multiple microarray studies and modeling interstudy variation}},
    year = {2003},
    journal = {Bioinformatics},
    author = {Choi, Jung Kyoon and Yu, Ungsik and Kim, Sangsoo and Yoo, Ook Joon},
    number = {suppl{\_}1},
    month = {7},
    pages = {i84-i90},
    volume = {19},
    doi = {10.1093/bioinformatics/btg1010},
    issn = {1367-4811}
}

@article{Bodmer2008CommonDiseases,
    title = {{Common and rare variants in multifactorial susceptibility to common diseases}},
    year = {2008},
    journal = {Nature Genetics},
    author = {Bodmer, Walter and Bonilla, Carolina},
    number = {6},
    month = {6},
    pages = {695--701},
    volume = {40},
    doi = {10.1038/ng.f.136},
    issn = {1061-4036}
}

@article{Yang2012ConditionalTraits,
    title = {{Conditional and joint multiple-SNP analysis of GWAS summary statistics identifies additional variants influencing complex traits}},
    year = {2012},
    journal = {Nature Genetics},
    author = {Yang, Jian and Ferreira, Teresa and Morris, Andrew P and Medland, Sarah E and Madden, Pamela A F and Heath, Andrew C and Martin, Nicholas G and Montgomery, Grant W and Weedon, Michael N and Loos, Ruth J and Frayling, Timothy M and McCarthy, Mark I and Hirschhorn, Joel N and Goddard, Michael E and Visscher, Peter M},
    number = {4},
    month = {4},
    pages = {369--375},
    volume = {44},
    doi = {10.1038/ng.2213},
    issn = {1061-4036}
}

@article{Jellinger2018DementiaControversies,
    title = {{Dementia with Lewy bodies and Parkinson’s disease-dementia: current concepts and controversies}},
    year = {2018},
    journal = {Journal of Neural Transmission},
    author = {Jellinger, Kurt A.},
    number = {4},
    month = {4},
    pages = {615--650},
    volume = {125},
    doi = {10.1007/s00702-017-1821-9},
    issn = {0300-9564}
}

@article{Gonzalez-Rodriguez2021DisruptionParkinsonism,
    title = {{Disruption of mitochondrial complex I induces progressive parkinsonism}},
    year = {2021},
    journal = {Nature},
    author = {Gonz{\'{a}}lez-Rodr{\'{i}}guez, Patricia and Zampese, Enrico and Stout, Kristen A. and Guzman, Jaime N. and Ilijic, Ema and Yang, Ben and Tkatch, Tatiana and Stavarache, Mihaela A. and Wokosin, David L. and Gao, Lin and Kaplitt, Michael G. and L{\'{o}}pez-Barneo, José and Schumacker, Paul T. and Surmeier, D. James},
    number = {7886},
    month = {11},
    pages = {650--656},
    volume = {599},
    doi = {10.1038/s41586-021-04059-0},
    issn = {0028-0836}
}

@article{Ferguson2016Early-onsetStudy,
    title = {{Early-onset vs. Late-onset Parkinson’s disease: A Clinical-pathological Study}},
    year = {2016},
    journal = {Canadian Journal of Neurological Sciences / Journal Canadien des Sciences Neurologiques},
    author = {Ferguson, Leslie Wayne and Rajput, Ali H. and Rajput, Alexander},
    number = {1},
    month = {1},
    pages = {113--119},
    volume = {43},
    doi = {10.1017/cjn.2015.244},
    issn = {0317-1671}
}

@article{Xu2020EmergingDiseases,
    title = {{Emerging views of mitophagy in immunity and autoimmune diseases}},
    year = {2020},
    journal = {Autophagy},
    author = {Xu, Ye and Shen, Jun and Ran, Zhihua},
    number = {1},
    month = {1},
    pages = {3--17},
    volume = {16},
    doi = {10.1080/15548627.2019.1603547},
    issn = {1554-8627}
}

@article{Martin2015EndosymbioticOrigin.,
    title = {{Endosymbiotic theories for eukaryote origin.}},
    year = {2015},
    journal = {Philosophical transactions of the Royal Society of London. Series B, Biological sciences},
    author = {Martin, William F and Garg, Sriram and Zimorski, Verena},
    number = {1678},
    month = {9},
    pages = {20140330},
    volume = {370},
    doi = {10.1098/rstb.2014.0330},
    issn = {1471-2970},
    pmid = {26323761}
}

@misc{KorotkevichG2019FastAnalysis,
    title = {{Fast gene set enrichment analysis}},
    year = {2019},
    author = {Korotkevich G, Sukhov V, Sergushichev A},
    publisher = {bioRxiv},
    doi = {10.18129/B9.bioc.fgsea}
}

@article{Manolio2009FindingDiseases,
    title = {{Finding the missing heritability of complex diseases}},
    year = {2009},
    journal = {Nature},
    author = {Manolio, Teri A. and Collins, Francis S. and Cox, Nancy J. and Goldstein, David B. and Hindorff, Lucia A. and Hunter, David J. and McCarthy, Mark I. and Ramos, Erin M. and Cardon, Lon R. and Chakravarti, Aravinda and Cho, Judy H. and Guttmacher, Alan E. and Kong, Augustine and Kruglyak, Leonid and Mardis, Elaine and Rotimi, Charles N. and Slatkin, Montgomery and Valle, David and Whittemore, Alice S. and Boehnke, Michael and Clark, Andrew G. and Eichler, Evan E. and Gibson, Greg and Haines, Jonathan L. and Mackay, Trudy F. C. and McCarroll, Steven A. and Visscher, Peter M.},
    number = {7265},
    month = {10},
    pages = {747--753},
    volume = {461},
    doi = {10.1038/nature08494},
    issn = {0028-0836}
}

@article{Hutchinson2020Fine-mappingAssociations,
    title = {{Fine-mapping genetic associations}},
    year = {2020},
    journal = {Human Molecular Genetics},
    author = {Hutchinson, Anna and Asimit, Jennifer and Wallace, Chris},
    number = {R1},
    month = {9},
    pages = {R81-R88},
    volume = {29},
    doi = {10.1093/hmg/ddaa148},
    issn = {0964-6906}
}

@article{Cano-Gamez2020FromDiseases,
    title = {{From GWAS to Function: Using Functional Genomics to Identify the Mechanisms Underlying Complex Diseases}},
    year = {2020},
    journal = {Frontiers in Genetics},
    author = {Cano-Gamez, Eddie and Trynka, Gosia},
    month = {5},
    volume = {11},
    doi = {10.3389/fgene.2020.00424},
    issn = {1664-8021}
}

@article{Ashburner2000GeneBiology,
    title = {{Gene Ontology: tool for the unification of biology}},
    year = {2000},
    journal = {Nature Genetics},
    author = {Ashburner, Michael and Ball, Catherine A. and Blake, Judith A. and Botstein, David and Butler, Heather and Cherry, J. Michael and Davis, Allan P. and Dolinski, Kara and Dwight, Selina S. and Eppig, Janan T. and Harris, Midori A. and Hill, David P. and Issel-Tarver, Laurie and Kasarskis, Andrew and Lewis, Suzanna and Matese, John C. and Richardson, Joel E. and Ringwald, Martin and Rubin, Gerald M. and Sherlock, Gavin},
    number = {1},
    month = {5},
    pages = {25--29},
    volume = {25},
    doi = {10.1038/75556},
    issn = {1061-4036}
}

@article{Subramanian2005GeneProfiles,
    title = {{Gene set enrichment analysis: A knowledge-based approach for interpreting genome-wide expression profiles}},
    year = {2005},
    journal = {Proceedings of the National Academy of Sciences},
    author = {Subramanian, Aravind and Tamayo, Pablo and Mootha, Vamsi K. and Mukherjee, Sayan and Ebert, Benjamin L. and Gillette, Michael A. and Paulovich, Amanda and Pomeroy, Scott L. and Golub, Todd R. and Lander, Eric S. and Mesirov, Jill P.},
    number = {43},
    month = {10},
    pages = {15545--15550},
    volume = {102},
    doi = {10.1073/pnas.0506580102},
    issn = {0027-8424}
}

@misc{LusaL2024GeneMeta:Experiments.,
    title = {{GeneMeta: MetaAnalysis for High Throughput Experiments.}},
    year = {2024},
    author = {Lusa L, Gentleman R, Ruschhaupt M}
}

@article{Ramasamy2014GeneticBrain,
    title = {{Genetic variability in the regulation of gene expression in ten regions of the human brain}},
    year = {2014},
    journal = {Nature Neuroscience},
    author = {Ramasamy, Adaikalavan and Trabzuni, Daniah and Guelfi, Sebastian and Varghese, Vibin and Smith, Colin and Walker, Robert and De, Tisham and Coin, Lachlan and de Silva, Rohan and Cookson, Mark R and Singleton, Andrew B and Hardy, John and Ryten, Mina and Weale, Michael E},
    number = {10},
    month = {10},
    pages = {1418--1428},
    volume = {17},
    doi = {10.1038/nn.3801},
    issn = {1097-6256}
}

@article{West2004GeneticsDisease,
    title = {{Genetics of parkin-linked disease}},
    year = {2004},
    journal = {Human Genetics},
    author = {West, Andrew B. and Maidment, Nigel T.},
    number = {4},
    month = {3},
    pages = {327--336},
    volume = {114},
    doi = {10.1007/s00439-003-1074-6},
    issn = {0340-6717}
}

@article{Klein2012GeneticsDisease,
    title = {{Genetics of Parkinson's Disease}},
    year = {2012},
    journal = {Cold Spring Harbor Perspectives in Medicine},
    author = {Klein, C. and Westenberger, A.},
    number = {1},
    month = {1},
    pages = {a008888-a008888},
    volume = {2},
    doi = {10.1101/cshperspect.a008888},
    issn = {2157-1422}
}

@incollection{Dehghan2018Genome-WideStudies,
    title = {{Genome-Wide Association Studies}},
    year = {2018},
    author = {Dehghan, Abbas},
    pages = {37--49},
    doi = {10.1007/978-1-4939-7868-7{\_}4}
}

@article{Naghavi2024Global2021,
    title = {{Global burden of 288 causes of death and life expectancy decomposition in 204 countries and territories and 811 subnational locations, 1990–2021: a systematic analysis for the Global Burden of Disease Study 2021}},
    year = {2024},
    journal = {The Lancet},
    author = {Naghavi, Mohsen and Ong, Kanyin Liane and Aali, Amirali and Ababneh, Hazim S and Abate, Yohannes Habtegiorgis and Abbafati, Cristiana and Abbasgholizadeh, Rouzbeh and Abbasian, Mohammadreza and Abbasi-Kangevari, Mohsen and Abbastabar, Hedayat and Abd ElHafeez, Samar and Abdelmasseh, Michael and Abd-Elsalam, Sherief and Abdelwahab, Ahmed and Abdollahi, Mohammad and Abdollahifar, Mohammad-Amin and Abdoun, Meriem and Abdulah, Deldar Morad and Abdullahi, Auwal and Abebe, Mesfin and Abebe, Samrawit Shawel and Abedi, Aidin and Abegaz, Kedir Hussein and Abhilash, E S and Abidi, Hassan and Abiodun, Olumide and Aboagye, Richard Gyan and Abolhassani, Hassan and Abolmaali, Meysam and Abouzid, Mohamed and Aboye, Girma Beressa and Abreu, Lucas Guimarães and Abrha, Woldu Aberhe and Abtahi, Dariush and Abu Rumeileh, Samir and Abualruz, Hasan and Abubakar, Bilyaminu and Abu-Gharbieh, Eman and Abu-Rmeileh, Niveen ME and Aburuz, Salahdein and Abu-Zaid, Ahmed and Accrombessi, Manfred Mario Kokou and Adal, Tadele Girum and Adamu, Abdu A and Addo, Isaac Yeboah and Addolorato, Giovanni and Adebiyi, Akindele Olupelumi and Adekanmbi, Victor and Adepoju, Abiola Victor and Adetunji, Charles Oluwaseun and Adetunji, Juliana Bunmi and Adeyeoluwa, Temitayo Esther and Adeyinka, Daniel Adedayo and Adeyomoye, Olorunsola Israel and Admass, Biruk Adie Adie and Adnani, Qorinah Estiningtyas Sakilah and Adra, Saryia and Afolabi, Aanuoluwapo Adeyimika and Afzal, Muhammad Sohail and Afzal, Saira and Agampodi, Suneth Buddhika and Agasthi, Pradyumna and Aggarwal, Manik and Aghamiri, Shahin and Agide, Feleke Doyore and Agodi, Antonella and Agrawal, Anurag and Agyemang-Duah, Williams and Ahinkorah, Bright Opoku and Ahmad, Aqeel and Ahmad, Danish and Ahmad, Firdos and Ahmad, Muayyad M and Ahmad, Sajjad and Ahmad, Shahzaib and Ahmad, Tauseef and Ahmadi, Keivan and Ahmadzade, Amir Mahmoud and Ahmed, Ali and Ahmed, Ayman and Ahmed, Haroon and Ahmed, Luai A and Ahmed, Mehrunnisha Sharif and Ahmed, Meqdad Saleh and Ahmed, Muktar Beshir and Ahmed, Syed Anees and Ajami, Marjan and Aji, Budi and Akara, Essona Matatom and Akbarialiabad, Hossein and Akinosoglou, Karolina and Akinyemiju, Tomi and Akkaif, Mohammed Ahmed and Akyirem, Samuel and Al Hamad, Hanadi and Al Hasan, Syed Mahfuz and Alahdab, Fares and Alalalmeh, Samer O and Alalwan, Tariq A and Al-Aly, Ziyad and Alam, Khurshid and Alam, Manjurul and Alam, Noore and Al-amer, Rasmieh Mustafa and Alanezi, Fahad Mashhour and Alanzi, Turki M and Al-Azzam, Sayer and Albakri, Almaza and Albashtawy, Mohammed and AlBataineh, Mohammad T and Alcalde-Rabanal, Jacqueline Elizabeth and Aldawsari, Khalifah A and Aldhaleei, Wafa A and Aldridge, Robert W and Alema, Haileselasie Berhane and Alemayohu, Mulubirhan Assefa and Alemi, Sharifullah and Alemu, Yihun Mulugeta and Al-Gheethi, Adel Ali Saeed and Alhabib, Khalid F and Alhalaiqa, Fadwa Alhalaiqa Naji and Al-Hanawi, Mohammed Khaled and Ali, Abid and Ali, Amjad and Ali, Liaqat and Ali, Mohammed Usman and Ali, Rafat and Ali, Shahid and Ali, Syed Shujait Shujait and Alicandro, Gianfranco and Alif, Sheikh Mohammad and Alikhani, Reyhaneh and Alimohamadi, Yousef and Aliyi, Ahmednur Adem and Aljasir, Mohammad A M and Aljunid, Syed Mohamed and Alla, François and Allebeck, Peter and Al-Marwani, Sabah and Al-Maweri, Sadeq Ali Ali and Almazan, Joseph Uy and Al-Mekhlafi, Hesham M and Almidani, Louay and Almidani, Omar and Alomari, Mahmoud A and Al-Omari, Basem and Alonso, Jordi and Alqahtani, Jaber S and Alqalyoobi, Shehabaldin and Alqutaibi, Ahmed Yaseen and Al-Sabah, Salman Khalifah and Altaany, Zaid and Altaf, Awais and Al-Tawfiq, Jaffar A and Altirkawi, Khalid A and Aluh, Deborah Oyine and Alvis-Guzman, Nelson and Alwafi, Hassan and Al-Worafi, Yaser Mohammed and Aly, Hany and Aly, Safwat and Alzoubi, Karem H and Amani, Reza and Amare, Azmeraw T and Amegbor, Prince M and Ameyaw, Edward Kwabena and Amin, Tarek Tawfik and Amindarolzarbi, Alireza and Amiri, Sohrab and Amirzade-Iranaq, Mohammad Hosein and Amu, Hubert and Amugsi, Dickson A and Amusa, Ganiyu Adeniyi and Ancuceanu, Robert and Anderlini, Deanna and Anderson, David B and Andrade, Pedro Prata and Andrei, Catalina Liliana and Andrei, Tudorel and Angus, Colin and Anil, Abhishek and Anil, Sneha and Anoushiravani, Amir and Ansari, Hossein and Ansariadi, Ansariadi and Ansari-Moghaddam, Alireza and Antony, Catherine M and Antriyandarti, Ernoiz and Anvari, Davood and Anvari, Saeid and Anwar, Saleha and Anwar, Sumadi Lukman and Anwer, Razique and Anyasodor, Anayochukwu Edward and Aqeel, Muhammad and Arab, Juan Pablo and Arabloo, Jalal and Arafat, Mosab and Aravkin, Aleksandr Y and Areda, Demelash and Aremu, Abdulfatai and Aremu, Olatunde and Ariffin, Hany and Arkew, Mesay and Armocida, Benedetta and Arndt, Michael Benjamin and {\"{A}}rnl{\"{o}}v, Johan and Arooj, Mahwish and Artamonov, Anton A and Arulappan, Judie and Aruleba, Raphael Taiwo and Arumugam, Ashokan and Asaad, Malke and Asadi-Lari, Mohsen and Asgedom, Akeza Awealom and Asghariahmadabad, Mona and Asghari-Jafarabadi, Mohammad and Ashraf, Muhammad and Aslani, Armin and Astell-Burt, Thomas and Athar, Mohammad and Athari, Seyyed Shamsadin and Atinafu, Bantalem Tilaye Tilaye and Atlaw, Habtamu Wondmagegn and Atorkey, Prince and Atout, Maha Moh'd Wahbi and Atreya, Alok and Aujayeb, Avinash and Ausloos, Marcel and Avan, Abolfazl and Awedew, Atalel Fentahun and Aweke, Amlaku Mulat and Ayala Quintanilla, Beatriz Paulina and Ayatollahi, Haleh and Ayuso-Mateos, Jose L and Ayyoubzadeh, Seyed Mohammad and Azadnajafabad, Sina and Azevedo, Rui M S and Azzam, Ahmed Y and B, Darshan B and Babu, Abraham Samuel and Badar, Muhammad and Badiye, Ashish D and Baghdadi, Soroush and Bagheri, Nasser and Bagherieh, Sara and Bah, Sulaiman and Bahadorikhalili, Saeed and Bahmanziari, Najmeh and Bai, Ruhai and Baig, Atif Amin and Baker, Jennifer L and Bako, Abdulaziz T and Bakshi, Ravleen Kaur and Balakrishnan, Senthilkumar and Balasubramanian, Madhan and Baltatu, Ovidiu Constantin and Bam, Kiran and Banach, Maciej and Bandyopadhyay, Soham and Banik, Palash Chandra and Bansal, Hansi and Bansal, Kannu and Barbic, Franca and Barchitta, Martina and Bardhan, Mainak and Bardideh, Erfan and Barker-Collo, Suzanne Lyn and B{\"{a}}rnighausen, Till Winfried and Barone-Adesi, Francesco and Barqawi, Hiba Jawdat and Barrero, Lope H and Barrow, Amadou and Barteit, Sandra and Barua, Lingkan and Basharat, Zarrin and Bashiri, Azadeh and Basiru, Afisu and Baskaran, Pritish and Basnyat, Buddha and Bassat, Quique and Basso, João Diogo and Basting, Ann V L and Basu, Sanjay and Batra, Kavita and Baune, Bernhard T and Bayati, Mohsen and Bayileyegn, Nebiyou Simegnew and Beaney, Thomas and Bedi, Neeraj and Beghi, Massimiliano and Behboudi, Emad and Behera, Priyamadhaba and Behnoush, Amir Hossein and Behzadifar, Masoud and Beiranvand, Maryam and Bejarano Ramirez, Diana Fernanda and B{\'{e}}jot, Yannick and Belay, Sefealem Assefa and Belete, Chalie Mulu and Bell, Michelle L and Bello, Muhammad Bashir and Bello, Olorunjuwon Omolaja and Belo, Luis and Beloukas, Apostolos and Bender, Rose Grace and Bensenor, Isabela M and Beran, Azizullah and Berezvai, Zombor and Berhie, Alemshet Yirga and Berice, Betyna N and Bernstein, Robert S and Bertolacci, Gregory J and Bettencourt, Paulo J G and Beyene, Kebede A and Bhagat, Devidas S and Bhagavathula, Akshaya Srikanth and Bhala, Neeraj and Bhalla, Ashish and Bhandari, Dinesh and Bhangdia, Kayleigh and Bhardwaj, Nikha and Bhardwaj, Pankaj and Bhardwaj, Prarthna V and Bhargava, Ashish and Bhaskar, Sonu and Bhat, Vivek and Bhatti, Gurjit Kaur and Bhatti, Jasvinder Singh and Bhatti, Manpreet S and Bhatti, Rajbir and Bhutta, Zulfiqar A and Bikbov, Boris and Bishai, Jessica Devin and Bisignano, Catherine and Bisulli, Francesca and Biswas, Atanu and Biswas, Bijit and Bitaraf, Saeid and Bitew, Bikes Destaw and Bitra, Veera R and Bj{\o}rge, Tone and Boachie, Micheal Kofi and Boampong, Mary Sefa and Bobirca, Anca Vasilica and Bodolica, Virginia and Bodunrin, Aadam Olalekan and Bogale, Eyob Ketema and Bogale, Kassawmar Angaw and Bohlouli, Somayeh and Bolarinwa, Obasanjo Afolabi and Boloor, Archith and Bonakdar Hashemi, Milad and Bonny, Aime and Bora, Kaustubh and Bora Basara, Berrak and Borhany, Hamed and Borzutzky, Arturo and Bouaoud, Souad and Boustany, Antoine and Boxe, Christopher and Boyko, Edward J and Brady, Oliver J and Braithwaite, Dejana and Brant, Luisa C and Brauer, Michael and Brazinova, Alexandra and Brazo-Sayavera, Javier and Breitborde, Nicholas J K and Breitner, Susanne and Brenner, Hermann and Briko, Andrey Nikolaevich and Briko, Nikolay Ivanovich and Britton, Gabrielle and Brown, Julie and Brugha, Traolach and Bulamu, Norma B and Bulto, Lemma N and Buonsenso, Danilo and Burns, Richard A and Busse, Reinhard and Bustanji, Yasser and Butt, Nadeem Shafique and Butt, Zahid A and Caetano dos Santos, Florentino Luciano and Calina, Daniela and C{\'{a}}mera, Luis Alberto and Campos, Luciana Aparecida and Campos-Nonato, Ismael R and Cao, Chao and Cao, Yin and Capodici, Angelo and C{\'{a}}rdenas, Rosario and Carr, Sinclair and Carreras, Giulia and Carrero, Juan J and Carugno, Andrea and Carvalheiro, Cristina G and Carvalho, Felix and Carvalho, Márcia and Castaldelli-Maia, Joao Mauricio and Casta{\~{n}}eda-Orjuela, Carlos A and Castelpietra, Giulio and Catal{\'{a}}-L{\'{o}}pez, Ferrán and Catapano, Alberico L and Cattaruzza, Maria Sofia and Cederroth, Christopher R and Cegolon, Luca and Cembranel, Francieli and Cenderadewi, Muthia and Cercy, Kelly M and Cerin, Ester and Cevik, Muge and Chadwick, Joshua and Chahine, Yaacoub and Chakraborty, Chiranjib and Chakraborty, Promit Ananyo and Chan, Jeffrey Shi Kai and Chan, Raymond N C and Chandika, Rama Mohan and Chandrasekar, Eeshwar K and Chang, Chin-Kuo and Chang, Jung-Chen and Chanie, Gashaw Sisay and Charalampous, Periklis and Chattu, Vijay Kumar and Chaturvedi, Pankaj and Chatzimavridou-Grigoriadou, Victoria and Chaurasia, Akhilanand and Chen, Angela W and Chen, An-Tian and Chen, Catherine S and Chen, Haowei and Chen, Meng Xuan and Chen, Simiao and Cheng, Ching-Yu and Cheng, Esther T W and Cherbuin, Nicolas and Cheru, Wondimye Ashenafi and Chien, Ju-Huei and Chimed-Ochir, Odgerel and Chimoriya, Ritesh and Ching, Patrick R and Chirinos-Caceres, Jesus Lorenzo and Chitheer, Abdulaal and Cho, William C S and Chong, Bryan and Chopra, Hitesh and Choudhari, Sonali Gajanan and Chowdhury, Rajiv and Christopher, Devasahayam J and Chukwu, Isaac Sunday and Chung, Eric and Chung, Erin and Chung, Eunice and Chung, Sheng-Chia and Chutiyami, Muhammad and Cindi, Zinhle and Cioffi, Iolanda and Claassens, Mareli M and Claro, Rafael M and Coberly, Kaleb and Cogen, Rebecca M and Columbus, Alyssa and Comfort, Haley and Conde, Joao and Cortese, Samuele and Cortesi, Paolo Angelo and Costa, Vera Marisa and Costanzo, Simona and Cousin, Ewerton and Couto, Rosa A S and Cowden, Richard G and Cramer, Kenneth Michael and Criqui, Michael H and Cruz-Martins, Natália and Cuadra-Hern{\'{a}}ndez, Silvia Magali and Culbreth, Garland T and Cullen, Patricia and Cunningham, Matthew and Curado, Maria paula and Dadana, Sriharsha and Dadras, Omid and Dai, Siyu and Dai, Xiaochen and Dai, Zhaoli and Dalli, Lachlan L and Damiani, Giovanni and Darega Gela, Jiregna and Das, Jai K and Das, Saswati and Das, Subasish and Dascalu, Ana Maria and Dash, Nihar Ranjan and Dashti, Mohsen and Dastiridou, Anna and Davey, Gail and D{\'{a}}vila-Cervantes, Claudio Alberto and Davis Weaver, Nicole and Davletov, Kairat and De Leo, Diego and de Luca, Katie and Debele, Aklilu Tamire and Debopadhaya, Shayom and Degenhardt, Louisa and Dehghan, Azizallah and Deitesfeld, Lee and Del Bo', Cristian and Delgado-Enciso, Ivan and Demessa, Berecha Hundessa and Demetriades, Andreas K and Deng, Ke and Deng, Xinlei and Denova-Guti{\'{e}}rrez, Edgar and Deravi, Niloofar and Dereje, Nebiyu and Dervenis, Nikolaos and Dervi{\v{s}}evi{\'{c}}, Emina and Des Jarlais, Don C and Desai, Hardik Dineshbhai and Desai, Rupak and Devanbu, Vinoth Gnana Chellaiyan and Dewan, Syed Masudur Rahman and Dhali, Arkadeep and Dhama, Kuldeep and Dhimal, Meghnath and Dhingra, Sameer and Dhulipala, Vishal R and Dias da Silva, Diana and Diaz, Daniel and Diaz, Michael J and Dima, Adriana and Ding, Delaney D and Ding, Huanghe and Dinis-Oliveira, Ricardo Jorge and Dirac, M Ashworth and Djalalinia, Shirin and Do, Thao Huynh Phuong and do Prado, Camila Bruneli and Doaei, Saeid and Dodangeh, Masoud and Dodangeh, Milad and Dohare, Sushil and Dokova, Klara Georgieva and Dolecek, Christiane and Dominguez, Regina-Mae Villanueva and Dong, Wanyue and Dongarwar, Deepa and D'Oria, Mario and Dorostkar, Fariba and Dorsey, E Ray and dos Santos, Wendel Mombaque and Doshi, Rajkumar and Doshmangir, Leila and Dowou, Robert Kokou and Driscoll, Tim Robert and Dsouza, Haneil Larson and Dsouza, Viola and Du, Mi and Dube, John and Duncan, Bruce B and Duraes, Andre Rodrigues and Duraisamy, Senbagam and Durojaiye, Oyewole Christopher and Dwyer-Lindgren, Laura and Dzianach, Paulina Agnieszka and Dziedzic, Arkadiusz Marian and E'mar, Abdel Rahman and Eboreime, Ejemai and Ebrahimi, Alireza and Echieh, Chidiebere Peter and Edinur, Hisham Atan and Edvardsson, David and Edvardsson, Kristina and Efendi, Defi and Efendi, Ferry and Effendi, Diyan Ermawan and Eikemo, Terje Andreas and Eini, Ebrahim and Ekholuenetale, Michael and Ekundayo, Temitope Cyrus and El Sayed, Iman and Elbarazi, Iffat and Elema, Teshome Bekele and Elemam, Noha Mousaad and Elgar, Frank J and Elgendy, Islam Y and ElGohary, Ghada Metwally Tawfik and Elhabashy, Hala Rashad and Elhadi, Muhammed and El-Huneidi, Waseem and Elilo, Legesse Tesfaye and Elmeligy, Omar Abdelsadek Abdou and Elmonem, Mohamed A and Elshaer, Mohammed and Elsohaby, Ibrahim and Emeto, Theophilus I and Engelbert Bain, Luchuo and Erkhembayar, Ryenchindorj and Esezobor, Christopher Imokhuede and Eshrati, Babak and Eskandarieh, Sharareh and Espinosa-Montero, Juan and Esubalew, Habtamu and Etaee, Farshid and Fabin, Natalia and Fadaka, Adewale Oluwaseun and Fagbamigbe, Adeniyi Francis and Fahim, Ayesha and Fahimi, Saman and Fakhri-Demeshghieh, Aliasghar and Falzone, Luca and Fareed, Mohammad and Farinha, Carla Sofia e Sá and Faris, MoezAlIslam Ezzat Mahmoud and Faris, Pawan Sirwan and Faro, Andre and Fasanmi, Abidemi Omolara and Fatehizadeh, Ali and Fattahi, Hamed and Fauk, Nelsensius Klau and Fazeli, Pooria and Feigin, Valery L and Feizkhah, Alireza and Fekadu, Ginenus and Feng, Xiaoru and Fereshtehnejad, Seyed-Mohammad and Feroze, Abdullah Hamid and Ferrante, Daniela and Ferrari, Alize J and Ferreira, Nuno and Fetensa, Getahun and Feyisa, Bikila Regassa and Filip, Irina and Fischer, Florian and Flavel, Joanne and Flood, David and Florin, Bobirca Teodor and Foigt, Nataliya A and Folayan, Morenike Oluwatoyin and Fomenkov, Artem Alekseevich and Foroutan, Behzad and Foroutan, Masoud and Forthun, Ingeborg and Fortuna, Daniela and Foschi, Matteo and Fowobaje, Kayode Raphael and Francis, Kate Louise and Franklin, Richard Charles and Freitas, Alberto and Friedman, Joseph and Friedman, Sara D and Fukumoto, Takeshi and Fuller, John E and Fux, Blima and Gaal, Peter Andras and Gadanya, Muktar A and Gaidhane, Abhay Motiramji and Gaihre, Santosh and Gakidou, Emmanuela and Galali, Yaseen and Galles, Natalie C and Gallus, Silvano and Ganbat, Mandukhai and Gandhi, Aravind P and Ganesan, Balasankar and Ganiyani, Mohammad Arfat and Garcia-Gordillo, MA and Gardner, William M and Garg, Jalaj and Garg, Naval and Gautam, Rupesh K and Gbadamosi, Semiu Olatunde and Gebi, Tilaye Gebru and Gebregergis, Miglas W and Gebrehiwot, Mesfin and Gebremeskel, Teferi Gebru and Georgescu, Simona Roxana and Getachew, Tamirat and Gething, Peter W and Getie, Molla and Ghadiri, Keyghobad and Ghahramani, Sulmaz and Ghailan, Khalid Yaser and Ghasemi, Mohammad-Reza and Ghasempour Dabaghi, Ghazal and Ghasemzadeh, Afsaneh and Ghashghaee, Ahmad and Ghassemi, Fariba and Ghazy, Ramy Mohamed and Ghimire, Ajnish and Ghoba, Sama and Gholamalizadeh, Maryam and Gholamian, Asadollah and Gholamrezanezhad, Ali and Gholizadeh, Nasim and Ghorbani, Mahsa and Ghorbani Vajargah, Pooyan and Ghoshal, Aloke Gopal and Gill, Paramjit Singh and Gill, Tiffany K and Gillum, Richard F and Ginindza, Themba G and Girmay, Alem and Glasbey, James C and Gnedovskaya, Elena V and G{\"{o}}b{\"{o}}l{\"{o}}s, Laszlo and Godinho, Myron Anthony and Goel, Amit and Golchin, Ali and Goldust, Mohamad and Golechha, Mahaveer and Goleij, Pouya and Gomes, Nelson G M and Gona, Philimon N and Gopalani, Sameer Vali and Gorini, Giuseppe and Goudarzi, Houman and Goulart, Alessandra C and Goulart, Bárbara Niegia Garcia and Goyal, Anmol and Grada, Ayman and Graham, Simon Matthew and Grivna, Michal and Grosso, Giuseppe and Guan, Shi-Yang and Guarducci, Giovanni and Gubari, Mohammed Ibrahim Mohialdeen and Gudeta, Mesay Dechasa and Guha, Avirup and Guicciardi, Stefano and Guimar{\~{a}}es, Rafael Alves and Gulati, Snigdha and Gunawardane, Damitha Asanga and Gunturu, Sasidhar and Guo, Cui and Gupta, Anish Kumar and Gupta, Bhawna and Gupta, Manoj Kumar and Gupta, Mohak and Gupta, Rajat Das and Gupta, Rajeev and Gupta, Sapna and Gupta, Veer Bala and Gupta, Vijai Kumar and Gupta, Vivek Kumar and Gurmessa, Lami and Guti{\'{e}}rrez, Reyna Alma and Habibzadeh, Farrokh and Habibzadeh, Parham and Haddadi, Rasool and Hadei, Mostafa and Hadi, Najah R and Haep, Nils and Hafezi-Nejad, Nima and Hailu, Alemayehu and Haj-Mirzaian, Arvin and Halboub, Esam S and Hall, Brian J and Haller, Sebastian and Halwani, Rabih and Hamadeh, Randah R and Hameed, Sajid and Hamidi, Samer and Hamilton, Erin B and Han, Chieh and Han, Qiuxia and Hanif, Asif and Hanifi, Nasrin and Hankey, Graeme J and Hanna, Fahad and Hannan, Md Abdul and Haque, Md Nuruzzaman and Harapan, Harapan and Hargono, Arief and Haro, Josep Maria and Hasaballah, Ahmed I and Hasan, Ikramul and Hasan, M Tasdik and Hasani, Hamidreza and Hasanian, Mohammad and Hashi, Abdiwahab and Hasnain, Md Saquib and Hassan, Ikrama and Hassanipour, Soheil and Hassankhani, Hadi and Haubold, Johannes and Havmoeller, Rasmus J and Hay, Simon I and He, Jiawei and Hebert, Jeffrey J and Hegazi, Omar E and Heidari, Golnaz and Heidari, Mohammad and Heidari-Foroozan, Mahsa and Helfer, Bartosz and Hendrie, Delia and Herrera-Serna, Brenda Yuliana and Herteliu, Claudiu and Hesami, Hamed and Hezam, Kamal and Hill, Catherine L and Hiraike, Yuta and Holla, Ramesh and Horita, Nobuyuki and Hossain, Md Mahbub and Hossain, Sahadat and Hosseini, Mohammad-Salar and Hosseinzadeh, Hassan and Hosseinzadeh, Mehdi and Hosseinzadeh Adli, Ahmad and Hostiuc, Mihaela and Hostiuc, Sorin and Hsairi, Mohamed and Hsieh, Vivian Chia-rong and Hsu, Rebecca L and Hu, Chengxi and Huang, Junjie and Hultstr{\"{o}}m, Michael and Humayun, Ayesha and Hundie, Tsegaye Gebreyes and Hussain, Javid and Hussain, M Azhar and Hussein, Nawfal R and Hussien, Foziya Mohammed and Huynh, Hong-Han and Hwang, Bing-Fang and Ibitoye, Segun Emmanuel and Ibrahim, Khalid S and Iftikhar, Pulwasha Maria and Ijo, Desta and Ikiroma, Adalia I and Ikuta, Kevin S and Ikwegbue, Paul Chukwudi and Ilesanmi, Olayinka Stephen and Ilic, Irena M and Ilic, Milena D and Imam, Mohammad Tarique and Immurana, Mustapha and Inamdar, Sumant and Indriasih, Endang and Iqhrammullah, Muhammad and Iradukunda, Arnaud and Iregbu, Kenneth Chukwuemeka and Islam, Md Rabiul and Islam, Sheikh Mohammed Shariful and Islami, Farhad and Ismail, Faisal and Ismail, Nahlah Elkudssiah and Iso, Hiroyasu and Isola, Gaetano and Iwagami, Masao and Iwu, Chidozie C D and Iyamu, Ihoghosa Osamuyi and Iyer, Mahalaxmi and J, Linda Merin and Jaafari, Jalil and Jacob, Louis and Jacobsen, Kathryn H and Jadidi-Niaragh, Farhad and Jafarinia, Morteza and Jafarzadeh, Abdollah and Jaggi, Khushleen and Jahankhani, Kasra and Jahanmehr, Nader and Jahrami, Haitham and Jain, Nityanand and Jairoun, Ammar Abdulrahman and Jaiswal, Abhishek and Jamshidi, Elham and Janko, Mark M and Jatau, Abubakar Ibrahim and Javadov, Sabzali and Javaheri, Tahereh and Jayapal, Sathish Kumar and Jayaram, Shubha and Jebai, Rime and Jee, Sun Ha and Jeganathan, Jayakumar and Jha, Anil K and Jha, Ravi Prakash and Jiang, Heng and Jin, Yingzhao and Johnson, Olatunji and Jokar, Mohammad and Jonas, Jost B and Joo, Tamas and Joseph, Abel and Joseph, Nitin and Joshua, Charity Ehimwenma and Joshy, Grace and Jozwiak, Jacek Jerzy and J{\"{u}}risson, Mikk and K, Vaishali and Kaambwa, Billingsley and Kabir, Ali and Kabir, Zubair and Kadashetti, Vidya and Kadir, Dler Hussein and Kalani, Rizwan and Kalankesh, Laleh R and Kalankesh, Leila R and Kaliyadan, Feroze and Kalra, Sanjay and Kamal, Vineet Kumar and Kamarajah, Sivesh Kathir and Kamath, Rajesh and Kamiab, Zahra and Kamyari, Naser and Kanagasabai, Thanigaivelan and Kanchan, Tanuj and Kandel, Himal and Kanmanthareddy, Arun R and Kanmiki, Edmund Wedam and Kanmodi, Kehinde Kazeem and Kannan S, Suthanthira and Kansal, Sushil Kumar and Kantar, Rami S and Kapoor, Neeti and Karajizadeh, Mehrdad and Karanth, Shama D and Karasneh, Reema A and Karaye, Ibraheem M and Karch, André and Karim, Asima and Karimi, Salah Eddin and Karimi Behnagh, Arman and Kashoo, Faizan Zaffar and Kasnazani, Qalandar Hussein Abdulkarim and Kasraei, Hengameh and Kassebaum, Nicholas J and Kassel, Molly B and Kauppila, Joonas H and Kaur, Navjot and Kawakami, Norito and Kayode, Gbenga A and Kazemi, Foad and Kazemian, Sina and Kazmi, Tahseen Haider and Kebebew, Getu Mosisa and Kebede, Adera Debella and Kebede, Fassikaw and Keflie, Tibebeselassie S and Keiyoro, Peter Njenga and Keller, Cathleen and Kelly, Jaimon Terence and Kempen, John H and Kerr, Jessica A and Kesse-Guyot, Emmanuelle and Khajuria, Himanshu and Khalaji, Amirmohammad and Khalid, Nauman and Khalil, Anees Ahmed and Khalilian, Alireza and Khamesipour, Faham and Khan, Ajmal and Khan, Asaduzzaman and Khan, Gulfaraz and Khan, Ikramullah and Khan, Imteyaz A and Khan, M Nuruzzaman and Khan, Maseer and Khan, Mohammad Jobair and Khan, Moien AB and Khan, Zeeshan Ali and Khan suheb, Mahammed Ziauddin and Khanmohammadi, Shaghayegh and Khatab, Khaled and Khatami, Fatemeh and Khatatbeh, Haitham and Khatatbeh, Moawiah Mohammad and Khavandegar, Armin and Khayat Kashani, Hamid Reza and Khidri, Feriha Fatima and Khodadoust, Elaheh and Khorgamphar, Mohammad and Khormali, Moein and Khorrami, Zahra and Khosravi, Ahmad and Khosravi, Mohammad Ali and Kifle, Zemene Demelash and Kim, Grace and Kim, Jihee and Kim, Kwanghyun and Kim, Min Seo and Kim, Yun Jin and Kimokoti, Ruth W and Kinzel, Kasey E and Kisa, Adnan and Kisa, Sezer and Klu, Desmond and Knudsen, Ann Kristin Skrindo and Kocarnik, Jonathan M and Kochhar, Sonali and Kocsis, Timea and Koh, David S Q and Kolahi, Ali-Asghar and Kolves, Kairi and Kompani, Farzad and Koren, Gerbrand and Kosen, Soewarta and Kostev, Karel and Koul, Parvaiz A and Koulmane Laxminarayana, Sindhura Lakshmi and Krishan, Kewal and Krishna, Hare and Krishna, Varun and Krishnamoorthy, Vijay and Krishnamoorthy, Yuvaraj and Krohn, Kris J and Kuate Defo, Barthelemy and Kucuk Bicer, Burcu and Kuddus, Md Abdul and Kuddus, Mohammed and Kuitunen, Ilari and Kulimbet, Mukhtar and Kulkarni, Vishnutheertha and Kumar, Akshay and Kumar, Ashish and Kumar, Harish and Kumar, Manasi and Kumar, Rakesh and Kumari, Madhulata and Kumie, Fantahun Tarekegn and Kundu, Satyajit and Kurmi, Om P and Kusnali, Asep and Kusuma, Dian and Kwarteng, Alexander and Kyriopoulos, Ilias and Kyu, Hmwe Hmwe and La Vecchia, Carlo and Lacey, Ben and Ladan, Muhammad Awwal and Laflamme, Lucie and Lagat, Abraham K and Lager, Anton C J and Lahmar, Abdelilah and Lai, Daphne Teck Ching and Lal, Dharmesh Kumar and Lalloo, Ratilal and Lallukka, Tea and Lam, Hilton and L{\'{a}}m, Judit and Landrum, Kelsey R and Lanfranchi, Francesco and Lang, Justin J and Langguth, Berthold and Lansingh, Van Charles and Laplante-L{\'{e}}vesque, Ariane and Larijani, Bagher and Larsson, Anders O and Lasrado, Savita and Lassi, Zohra S and Latief, Kamaluddin and Latifinaibin, Kaveh and Lauriola, Paolo and Le, Nhi Huu Hanh and Le, Thao Thi Thu and Le, Trang Diep Thanh and Ledda, Caterina and Ledesma, Jorge R and Lee, Munjae and Lee, Paul H and Lee, Seung Won and Lee, Shaun Wen Huey and Lee, Wei-Chen and Lee, Yo Han and LeGrand, Kate E and Leigh, James and Leong, Elvynna and Lerango, Temesgen L and Li, Ming-Chieh and Li, Wei and Li, Xiaopan and Li, Yichong and Li, Zhihui and Ligade, Virendra S and Likaka, Andrew Tiyamike Makhiringa and Lim, Lee-Ling and Lim, Stephen S and Lindstrom, Megan and Linehan, Christine and Liu, Chaojie and Liu, Gang and Liu, Jue and Liu, Runben and Liu, Shiwei and Liu, Xiaofeng and Liu, Xuefeng and Llanaj, Erand and Loftus, Michael J and L{\'{o}}pez-Bueno, Rubén and Lopukhov, Platon D and Loreche, Arianna Maever and Lorkowski, Stefan and Lotufo, Paulo A and Lozano, Rafael and Lubinda, Jailos and Lucchetti, Giancarlo and Lugo, Alessandra and Lunevicius, Raimundas and Ma, Zheng Feei and Maass, Kelsey Lynn and Machairas, Nikolaos and Machoy, Monika and Madadizadeh, Farzan and Madsen, Christian and Madureira-Carvalho, Áurea M and Maghazachi, Azzam A and Maharaj, Sandeep B and Mahjoub, Soleiman and Mahmoud, Mansour Adam and Mahmoudi, Alireza and Mahmoudi, Elham and Mahmoudi, Razzagh and Majeed, Azeem and Makhdoom, Irsa Fatima and Malakan Rad, Elaheh and Maled, Venkatesh and Malekzadeh, Reza and Malhotra, Armaan K and Malhotra, Kashish and Malik, Ahmad Azam and Malik, Iram and Malta, Deborah Carvalho and Mamun, Abdullah A and Mansouri, Pejman and Mansournia, Mohammad Ali and Mantovani, Lorenzo Giovanni and Maqsood, Sajid and Marasini, Bishnu P and Marateb, Hamid Reza and Maravilla, Joemer C and Marconi, Agustina M and Mardi, Parham and Marino, Mirko and Marjani, Abdoljalal and Martinez, Gabriel and Martinez-Guerra, Bernardo Alfonso and Martinez-Piedra, Ramon and Martini, Daniela and Martini, Santi and Martins-Melo, Francisco Rogerlândio and Martorell, Miquel and Marx, Wolfgang and Maryam, Sharmeen and Marzo, Roy Rillera and Masaka, Anthony and Masrie, Awoke and Mathieson, Stephanie and Mathioudakis, Alexander G and Mathur, Manu Raj and Mattumpuram, Jishanth and Matzopoulos, Richard and Maude, Richard James and Maugeri, Andrea and Maulik, Pallab K and Mayeli, Mahsa and Mazaheri, Maryam and Mazidi, Mohsen and McGrath, John J and McKee, Martin and McKowen, Anna Laura W and McLaughlin, Susan A and McPhail, Steven M and Mechili, Enkeleint A and Medina, John Robert Carabeo and Mediratta, Rishi P and Meena, Jitendra Kumar and Mehra, Rahul and Mehrabani-Zeinabad, Kamran and Mehrabi Nasab, Entezar and Mekene Meto, Tesfahun and Meles, Gebrekiros Gebremichael and Mendez-Lopez, Max Alberto Mendez and Mendoza, Walter and Menezes, Ritesh G and Mengist, Belayneh and Mentis, Alexios-Fotios A and Meo, Sultan Ayoub and Meresa, Haftu Asmerom and Meretoja, Atte and Meretoja, Tuomo J and Mersha, Abera M and Mesfin, Bezawit Afework and Mestrovic, Tomislav and Mettananda, Kukulege Chamila Dinushi and Mettananda, Sachith and Meylakhs, Peter and Mhlanga, Adquate and Mhlanga, Laurette and Mi, Tianyue and Miazgowski, Tomasz and Micha, Georgia and Michalek, Irmina Maria and Miller, Ted R and Mills, Edward J and Minh, Le Huu Nhat and Mini, GK and Mir Mohammad Sadeghi, Pouya and Mirica, Andreea and Mirijello, Antonio and Mirrakhimov, Erkin M and Mirutse, Mizan Kiros and Mirzaei, Maryam and Misganaw, Awoke and Mishra, Ashim and Misra, Sanjeev and Mitchell, Philip B and Mithra, Prasanna and Mittal, Chaitanya and Mobayen, Mohammadreza and Moberg, Madeline E and Mohamadkhani, Ashraf and Mohamed, Jama and Mohamed, Mouhand F H and Mohamed, Nouh Saad and Mohammad-Alizadeh-Charandabi, Sakineh and Mohammadi, Soheil and Mohammadian-Hafshejani, Abdollah and Mohammadifard, Noushin and Mohammed, Hassen and Mohammed, Hussen and Mohammed, Mustapha and Mohammed, Salahuddin and Mohammed, Shafiu and Mohan, Viswanathan and Mojiri-Forushani, Hoda and Mokari, Amin and Mokdad, Ali H and Molinaro, Sabrina and Molokhia, Mariam and Momtazmanesh, Sara and Monasta, Lorenzo and Mondello, Stefania and Moni, Mohammad Ali and Moodi Ghalibaf, AmirAli and Moradi, Maryam and Moradi, Yousef and Moradi-Lakeh, Maziar and Moradzadeh, Maliheh and Moraga, Paula and Morawska, Lidia and Moreira, Rafael Silveira and Morovatdar, Negar and Morrison, Shane Douglas and Morze, Jakub and Mosser, Jonathan F and Motappa, Rohith and Mougin, Vincent and Mouodi, Simin and Mousavi, Parsa and Mousavi, Seyed Ehsan and Mousavi Khaneghah, Amin and Mpolya, Emmanuel A and Mrejen, Matías and Mubarik, Sumaira and Muccioli, Lorenzo and Mueller, Ulrich Otto and Mughal, Faraz and Mukherjee, Sumoni and Mulita, Francesk and Munjal, Kavita and Murillo-Zamora, Efrén and Musaigwa, Fungai and Musallam, Khaled M and Mustafa, Ahmad and Mustafa, Ghulam and Muthupandian, Saravanan and Muthusamy, Raman and Muzaffar, Muhammad and Myung, Woojae and Nagarajan, Ahamarshan Jayaraman and Nagel, Gabriele and Naghavi, Pirouz and Naheed, Aliya and Naik, Ganesh R and Naik, Gurudatta and Nainu, Firzan and Nair, Sanjeev and Najmuldeen, Hastyar Hama Rashid and Nakhostin Ansari, Noureddin and Nangia, Vinay and Naqvi, Atta Abbas and Narasimha Swamy, Sreenivas and Narayana, Aparna Ichalangod and Nargus, Shumaila and Nascimento, Bruno Ramos and Nascimento, Gustavo G and Nasehi, Samar and Nashwan, Abdulqadir J and Natto, Zuhair S and Nauman, Javaid and Naveed, Muhammad and Nayak, Biswa Prakash and Nayak, Vinod C and Nazri-Panjaki, Athare and Ndejjo, Rawlance and Nduaguba, Sabina Onyinye and Negash, Hadush and Negoi, Ionut and Negoi, Ruxandra Irina and Negru, Serban Mircea and Nejadghaderi, Seyed Aria and Nejjari, Chakib and Nena, Evangelia and Nepal, Samata and Ng, Marie and Nggada, Haruna Asura and Nguefack-Tsague, Georges and Ngunjiri, Josephine W and Nguyen, Anh Hoang and Nguyen, Dang H and Nguyen, Hau Thi Hien and Nguyen, Phat Tuan and Nguyen, Van Thanh and Niazi, Robina Khan and Nielsen, Katie R and Nigatu, Yeshambel T and Nikolouzakis, Taxiarchis Konstantinos and Nikoobar, Ali and Nikoomanesh, Fatemeh and Nikpoor, Amin Reza and Ningrum, Dina Nur Anggraini and Nnaji, Chukwudi A and Nnyanzi, Lawrence Achilles and Noman, Efaq Ali and Nomura, Shuhei and Noreen, Mamoona and Noroozi, Nafise and Norrving, Bo and Noubiap, Jean Jacques and Novotney, Amanda and Nri-Ezedi, Chisom Adaobi and Ntaios, George and Ntsekhe, Mpiko and Nu{\~{n}}ez-Samudio, Virginia and Nurrika, Dieta and Nutor, Jerry John and Oancea, Bogdan and Obamiro, Kehinde O and Oboh, Mary Aigbiremo and Odetokun, Ismail A and Odogwu, Nkechi Martina and O'Donnell, Martin James and Oduro, Michael Safo and Ofakunrin, Akinyemi O D and Ogunkoya, Abiola and Oguntade, Ayodipupo Sikiru and Oh, In-Hwan and Okati-Aliabad, Hassan and Okeke, Sylvester Reuben and Okekunle, Akinkunmi Paul and Okonji, Osaretin Christabel and Olagunju, Andrew T and Olaiya, Muideen Tunbosun and Olatubi, Matthew Idowu and Oliveira, Gláucia Maria Moraes and Olufadewa, Isaac Iyinoluwa and Olusanya, Bolajoko Olubukunola and Olusanya, Jacob Olusegun and Oluwafemi, Yinka Doris and Omar, Hany A and Omar Bali, Ahmed and Omer, Goran Latif and Ondayo, Maureene Auma and Ong, Sokking and Onwujekwe, Obinna E and Onyedibe, Kenneth Ikenna and Ordak, Michal and Orisakwe, Orish Ebere and Orish, Verner N and Ortega-Altamirano, Doris V and Ortiz, Alberto and Osman, Wael M S and Ostroff, Samuel M and Osuagwu, Uchechukwu Levi and Otoiu, Adrian and Otstavnov, Nikita and Otstavnov, Stanislav S and Ouyahia, Amel and Ouyang, Guoqing and Owolabi, Mayowa O and Ozten, Yaz and P A, Mahesh Padukudru and Padron-Monedero, Alicia and Padubidri, Jagadish Rao and Pal, Pramod Kumar and Palicz, Tamás and Palladino, Claudia and Palladino, Raffaele and Palma-Alvarez, Raul Felipe and Pan, Feng and Pan, Hai-Feng and Pana, Adrian and Panda, Paramjot and Panda-Jonas, Songhomitra and Pandi-Perumal, Seithikurippu R and Pangaribuan, Helena Ullyartha and Panos, Georgios D and Panos, Leonidas D and Pantazopoulos, Ioannis and Pantea Stoian, Anca Mihaela and Papadopoulou, Paraskevi and Parikh, Romil R and Park, Seoyeon and Parthasarathi, Ashwaghosha and Pashaei, Ava and Pasovic, Maja and Passera, Roberto and Pasupula, Deepak Kumar and Patel, Hemal M and Patel, Jay and Patel, Sangram Kishor and Patil, Shankargouda and Patoulias, Dimitrios and Patthipati, Venkata Suresh and Paudel, Uttam and Pazoki Toroudi, Hamidreza and Pease, Spencer A and Peden, Amy E and Pedersini, Paolo and Pensato, Umberto and Pepito, Veincent Christian Filipino and Peprah, Emmanuel K and Peprah, Prince and Perdig{\~{a}}o, João and Pereira, Marcos and Peres, Mario F P and Perianayagam, Arokiasamy and Perico, Norberto and Pestell, Richard G and Pesudovs, Konrad and Petermann-Rocha, Fanny Emily and Petri, William A and Pham, Hoang Tran and Philip, Anil K and Phillips, Michael R and Pierannunzio, Daniela and Pigeolet, Manon and Pigott, David M and Pilgrim, Thomas and Piracha, Zahra Zahid and Piradov, Michael A and Pirouzpanah, Saeed and Plakkal, Nishad and Plotnikov, Evgenii and Podder, Vivek and Poddighe, Dimitri and Polinder, Suzanne and Polkinghorne, Kevan R and Poluru, Ramesh and Ponkilainen, Ville T and Porru, Fabio and Postma, Maarten J and Poudel, Govinda Raj and Pourshams, Akram and Pourtaheri, Naeimeh and Prada, Sergio I and Pradhan, Pranil Man Singh and Prakasham, Thejeswar N and Prasad, Manya and Prashant, Akila and Prates, Elton Junio Sady and Prieto Alhambra, Daniel and PRISCILLA, TINA and Pritchett, Natalie and Purohit, Bharathi M and Puvvula, Jagadeesh and Qasim, Nameer Hashim and Qattea, Ibrahim and Qazi, Asma Saleem and Qian, Gangzhen and Qiu, Suli and Qureshi, Maryam Faiz and Rabiee Rad, Mehrdad and Radfar, Amir and Radhakrishnan, Raghu Anekal and Radhakrishnan, Venkatraman and Raeisi Shahraki, Hadi and Rafferty, Quinn and Raggi, Alberto and Raghav, Pankaja Raghav and Raheem, Nasiru and Rahim, Fakher and Rahim, Md Jillur and Rahimi-Movaghar, Vafa and Rahman, Md Mosfequr and Rahman, Mohammad Hifz Ur and Rahman, Mosiur and Rahman, Muhammad Aziz and Rahmani, Amir Masoud and Rahmani, Shayan and Rahmanian, Vahid and Rajaa, Sathish and Rajput, Prashant and Rakovac, Ivo and Ramasamy, Shakthi Kumaran and Ramazanu, Sheena and Rana, Kritika and Ranabhat, Chhabi Lal and Rancic, Nemanja and Rane, Amey and Rao, Chythra R and Rao, Indu Ramachandra and Rao, Mithun and Rao, Sowmya J and Rasali, Drona Prakash and Rasella, Davide and Rashedi, Sina and Rashedi, Vahid and Rashidi, Mohammad-Mahdi and Rasouli-Saravani, Ashkan and Rasul, Azad and Rathnaiah Babu, Giridhara and Rauniyar, Santosh Kumar and Ravangard, Ramin and Ravikumar, Nakul and Rawaf, David Laith and Rawaf, Salman and Rawal, Lal and Rawassizadeh, Reza and Rawlley, Bharat and Raza, Rabail Zehra and Razo, Christian and Redwan, Elrashdy Moustafa Mohamed and Rehman, Faizan Ur and Reifels, Lennart and Reiner Jr, Robert C and Remuzzi, Giuseppe and Reyes, Luis Felipe and Rezaei, Maryam and Rezaei, Nazila and Rezaei, Negar and Rezaeian, Mohsen and Rhee, Taeho Gregory and Riaz, Mavra A and Ribeiro, Antonio Luiz P and Rickard, Jennifer and Riva, Hannah R and Robinson-Oden, Hannah Elizabeth and Rodrigues, Célia Fortuna and Rodrigues, Mónica and Roever, Leonardo and Rogowski, Emma Lynn Best and Rohloff, Peter and Romadlon, Debby Syahru and Romero-Rodr{\'{i}}guez, Esperanza and Romoli, Michele and Ronfani, Luca and Roshandel, Gholamreza and Roth, Gregory A and Rout, Himanshu Sekhar and Roy, Nitai and Roy, Priyanka and Rubagotti, Enrico and Ruela, Guilherme de Andrade and Rumisha, Susan Fred and Runghien, Tilleye and Rwegerera, Godfrey M and Rynkiewicz, Andrzej and S N, Chandan and Saad, Aly M A and Saadatian, Zahra and Saber, Korosh and Saber-Ayad, Maha Mohamed and SaberiKamarposhti, Morteza and Sabour, Siamak and Sacco, Simona and Sachdev, Perminder S and Sachdeva, Rajesh and Saddik, Basema and Saddler, Adam and Sadee, Bashdar Abuzed and Sadeghi, Ehsan and Sadeghi, Erfan and Sadeghian, Farideh and Saeb, Mohammad Reza and Saeed, Umar and Safaeinejad, Fahimeh and Safi, Sher Zaman and Sagar, Rajesh and Saghazadeh, Amene and Sagoe, Dominic and Saheb Sharif-Askari, Fatemeh and Saheb Sharif-Askari, Narjes and Sahebkar, Amirhossein and Sahoo, Soumya Swaroop and Sahoo, Umakanta and Sahu, Monalisha and Saif, Zahra and Sajid, Mirza Rizwan and Sakshaug, Joseph W and Salam, Nasir and Salamati, Payman and Salami, Afeez Abolarinwa and Salaroli, Luciane B and Saleh, Mohamed A and Salehi, Sana and Salem, Marwa Rashad and Salem, Mohammed Z Y and Salimi, Sohrab and Samadi Kafil, Hossein and Samadzadeh, Sara and Samargandy, Saad and Samodra, Yoseph Leonardo and Samy, Abdallah M and Sanabria, Juan and Sanna, Francesca and Santomauro, Damian Francesco and Santos, Itamar S and Santric-Milicevic, Milena M and Sao Jose, Bruno Piassi and Sarasmita, Made Ary and Saraswathy, Sivan Yegnanarayana Iyer and Saravanan, Aswini and Saravi, Babak and Sarikhani, Yaser and Sarkar, Tanmay and Sarmiento-Su{\'{a}}rez, Rodrigo and Sarode, Gargi Sachin and Sarode, Sachin C and Sarveazad, Arash and Sathian, Brijesh and Sathish, Thirunavukkarasu and Satpathy, Maheswar and Sayeed, Abu and Sayeed, Md Abu and Saylan, Mete and Sayyah, Mehdi and Scarmeas, Nikolaos and Schaarschmidt, Benedikt Michael and Schlaich, Markus P and Schlee, Winfried and Schmidt, Maria Inês and Schneider, Ione Jayce Ceola and Schuermans, Art and Schumacher, Austin E and Schutte, Aletta Elisabeth and Schwarzinger, Michaël and Schwebel, David C and Schwendicke, Falk and {\v{S}}ekerija, Mario and Selvaraj, Siddharthan and Senapati, Sabyasachi and Senthilkumaran, Subramanian and Sepanlou, Sadaf G and Serban, Dragos and Sethi, Yashendra and Sha, Feng and Shabany, Maryam and Shafaat, Amir and Shafie, Mahan and Shah, Nilay S and Shah, Pritik A and Shah, Syed Mahboob and Shahabi, Saeed and Shahbandi, Ataollah and Shahid, Izza and Shahid, Samiah and Shahid, Wajeehah and Shahsavari, Hamid R and Shahwan, Moyad Jamal and Shaikh, Ahmed and Shaikh, Masood Ali and Shakeri, Alireza and Shalash, Ali S and Sham, Sunder and Shamim, Muhammad Aaqib and Shams-Beyranvand, Mehran and Shamshad, Hina and Shamsi, Mohammad Anas and Shanawaz, Mohd and Shankar, Abhishek and Sharfaei, Sadaf and Sharifan, Amin and Sharifi-Rad, Javad and Sharma, Rajesh and Sharma, Saurab and Sharma, Ujjawal and Sharma, Vishal and Shastry, Rajesh P and Shavandi, Amin and Shayan, Maryam and Shehabeldine, Amr Mohamed Elsayed and Sheikh, Aziz and Sheikhi, Rahim Ali and Shen, Jiabin and Shetty, Adithi and Shetty, B Suresh Kumar and Shetty, Pavanchand H and Shi, Peilin and Shibuya, Kenji and Shiferaw, Desalegn and Shigematsu, Mika and Shin, Min-Jeong and Shin, Youn Ho and Shiri, Rahman and Shirkoohi, Reza and Shitaye, Nebiyu Aniley and Shittu, Aminu and Shiue, Ivy and Shivakumar, K M and Shivarov, Velizar and Shokraneh, Farhad and Shokri, Azad and Shool, Sina and Shorofi, Seyed Afshin and Shrestha, Sunil and Shuval, Kerem and Siddig, Emmanuel Edwar and Silva, João Pedro and Silva, Luís Manuel Lopes Rodrigues and Silva, Soraia and Simpson, Colin R and Singal, Anjali and Singh, Abhinav and Singh, Balbir Bagicha and Singh, Garima and Singh, Jasbir and Singh, Narinder Pal and Singh, Paramdeep and Singh, Surjit and Sinha, Dhirendra Narain and Sinto, Robert and Siraj, Md Shahjahan and Sirota, Sarah Brooke and Sitas, Freddy and Sivakumar, Shravan and Skryabin, Valentin Yurievich and Skryabina, Anna Aleksandrovna and Sleet, David A and Socea, Bogdan and Sokhan, Anton and Solanki, Ranjan and Solanki, Shipra and Soleimani, Hamidreza and Soliman, Sameh S M and Song, Suhang and Song, Yimeng and Sorensen, Reed J D and Soriano, Joan B and Soyiri, Ireneous N and Spartalis, Michael and Spearman, Sandra and Sreeramareddy, Chandrashekhar T and Srivastava, Vijay Kumar and Stanaway, Jeffrey D and Stanikzai, Muhammad Haroon and Stark, Benjamin A and Starnes, Joseph R and Starodubova, Antonina V and Stein, Caroline and Stein, Dan J and Steinbeis, Fridolin and Steiner, Caitlyn and Steinmetz, Jaimie D and Steiropoulos, Paschalis and Stevanovi{\'{c}}, Aleksandar and Stockfelt, Leo and Stokes, Mark A and Stortecky, Stefan and Subramaniyan, Vetriselvan and Suleman, Muhammad and Suliankatchi Abdulkader, Rizwan and Sultana, Abida and Sun, Haitong Zhe and Sun, Jing and Sundstr{\"{o}}m, Johan and Sunkersing, David and Sunnerhagen, Katharina S and Swain, Chandan Kumar and Szarpak, Lukasz and Szeto, Mindy D and Sz{\'{o}}cska, Miklós and Tabaee Damavandi, Payam and Tabar{\'{e}}s-Seisdedos, Rafael and Tabatabaei, Seyyed Mohammad and Tabatabaei Malazy, Ozra and Tabatabaeizadeh, Seyed-Amir and Tabatabai, Shima and Tabish, Mohammad and TADAKAMADLA, JYOTHI and Tadakamadla, Santosh Kumar and Taheri Abkenar, Yasaman and Taheri Soodejani, Moslem and Taiba, Jabeen and Takahashi, Ken and Talaat, Iman M and Talukder, Ashis and Tampa, Mircea and Tamuzi, Jacques Lukenze and Tan, Ker-Kan and Tandukar, Sarmila and Tang, Haosu and Tang, Hong K and Tarigan, Ingan Ukur and Tariku, Mengistie Kassahun and Tariqujjaman, Md and Tarkang, Elvis Enowbeyang and Tavakoli Oliaee, Razieh and Tavangar, Seyed Mohammad and Taveira, Nuno and Tefera, Yibekal Manaye and Temsah, Mohamad-Hani and Temsah, Reem Mohamad Hani and Teramoto, Masayuki and Tesler, Riki and Teye-Kwadjo, Enoch and Thakur, Rishu and Thangaraju, Pugazhenthan and Thankappan, Kavumpurathu Raman and Tharwat, Samar and Thayakaran, Rasiah and Thomas, Nihal and Thomas, Nikhil Kenny and Thomson, Azalea M and Thrift, Amanda G and Thum, Chern Choong Chern and Thygesen, Lau Caspar and Tian, Jing and Tichopad, Ales and Ticoalu, Jansje Henny Vera and Tillawi, Tala and Tiruye, Tenaw Yimer and Titova, Mariya Vladimirovna and Tonelli, Marcello and Topor-Madry, Roman and Toriola, Adetunji T and Torre, Anna E and Touvier, Mathilde and Tovani-Palone, Marcos Roberto and Tran, Jasmine T and Tran, Nghia Minh and Trico, Domenico and Tromans, Samuel Joseph and Truyen, Thien Tan Tri Tai and Tsatsakis, Aristidis and Tsegay, Guesh Mebrahtom and Tsermpini, Evangelia Eirini and Tumurkhuu, Munkhtuya and Tung, Kang and Tyrovolas, Stefanos and Uddin, Sayed Mohammad Nazim and Udoakang, Aniefiok John and Udoh, Arit and Ullah, Atta and Ullah, Irfan and Ullah, Saeed and Ullah, Sana and Umakanthan, Srikanth and Umeokonkwo, Chukwuma David and Unim, Brigid and Unnikrishnan, Bhaskaran and Unsworth, Carolyn Anne and Upadhyay, Era and Urso, Daniele and Usman, Jibrin Sammani and Vahabi, Seyed Mohammad and Vaithinathan, Asokan Govindaraj and Valizadeh, Rohollah and Van de Velde, Sarah M and Van den Eynde, Jef and Varga, Orsolya and Vart, Priya and Varthya, Shoban Babu and Vasankari, Tommi Juhani and Vasic, Milena and Vaziri, Siavash and Vellingiri, Balachandar and Venketasubramanian, Narayanaswamy and Verghese, Nicholas Alexander and Verma, Madhur and Veroux, Massimiliano and Verras, Georgios-Ioannis and Vervoort, Dominique and Villafa{\~{n}}e, Jorge Hugo and Villanueva, Gabriela Ines and Vinayak, Manish and Violante, Francesco S and Viskadourou, Maria and Vladimirov, Sergey Konstantinovitch and Vlassov, Vasily and Vo, Bay and Vollset, Stein Emil and Vongpradith, Avina and Vos, Theo and Vujcic, Isidora S and Vukovic, Rade and Wafa, Hatem A and Waheed, Yasir and Wamai, Richard G and Wang, Cong and Wang, Ning and Wang, Shu and Wang, Song and Wang, Yanzhong and Wang, Yuan-Pang and Waqas, Muhammad and Ward, Paul and Wassie, Emebet Gashaw and Watson, Stefanie and Watson, Stephanie Louise Watson and Weerakoon, Kosala Gayan and Wei, Melissa Y and Weintraub, Robert G and Weiss, Daniel J and Westerman, Ronny and Whisnant, Joanna L and Wiangkham, Taweewat and Wickramasinghe, Dakshitha Praneeth and Wickramasinghe, Nuwan Darshana and Wilandika, Angga and Wilkerson, Caroline and Willeit, Peter and Wilson, Shadrach and Wojewodzic, Marcin W and Woldegebreal, Demewoz H and Wolf, Axel Walter and Wolfe, Charles D A and Wondimagegene, Yohannes Addisu and Wong, Yen Jun and Wongsin, Utoomporn and Wu, Ai-Min and Wu, Chenkai and Wu, Felicia and Wu, Xinsheng and Wu, Zenghong and Xia, Juan and Xiao, Hong and Xie, Yang and Xu, Suowen and Xu, Wang-Dong and Xu, Xiaoyue and Xu, Yvonne Yiru and Yadollahpour, Ali and Yamagishi, Kazumasa and Yang, Danting and Yang, Lin and Yano, Yuichiro and Yao, Yao and Yaribeygi, Habib and Ye, Pengpeng and Yehualashet, Sisay Shewasinad and Yesiltepe, Metin and Yesuf, Subah Abderehim and Yezli, Saber and Yi, Siyan and Yigezu, Amanuel and Yi{\u{g}}it, Arzu and Yi{\u{g}}it, Vahit and Yip, Paul and Yismaw, Malede Berihun and Yismaw, Yazachew and Yon, Dong Keon and Yonemoto, Naohiro and Yoon, Seok-Jun and You, Yuyi and Younis, Mustafa Z and Yousefi, Zabihollah and Yu, Chuanhua and Yu, Yong and Yuh, Faith H and Zadey, Siddhesh and Zadnik, Vesna and Zafari, Nima and Zakham, Fathiah and Zaki, Nazar and Zaman, Sojib Bin and Zamora, Nelson and Zand, Ramin and Zangiabadian, Moein and Zar, Heather J and Zare, Iman and Zarrintan, Armin and Zeariya, Mohammed G M and Zeinali, Zahra and Zhang, Haijun and Zhang, Jianrong and Zhang, Jingya and Zhang, Liqun and Zhang, Yunquan and Zhang, Zhi-Jiang and Zhao, Hanqing and Zhong, Chenwen and Zhou, Juexiao and Zhu, Bin and Zhu, Lei and Ziafati, Makan and Zieli{\'{n}}ska, Magdalena and Zitoun, Osama A and Zoladl, Mohammad and Zou, Zhiyong and Zuhlke, Liesl J and Zumla, Alimuddin and Zweck, Elric and Zyoud, Samer H and Wool, Eve E and Murray, Christopher J L},
    number = {10440},
    month = {5},
    pages = {2100--2132},
    volume = {403},
    doi = {10.1016/S0140-6736(24)00367-2},
    issn = {01406736}
}

@article{Ferrari2024Global2021,
    title = {{Global incidence, prevalence, years lived with disability (YLDs), disability-adjusted life-years (DALYs), and healthy life expectancy (HALE) for 371 diseases and injuries in 204 countries and territories and 811 subnational locations, 1990–2021: a systematic analysis for the Global Burden of Disease Study 2021}},
    year = {2024},
    journal = {The Lancet},
    author = {Ferrari, Alize J and Santomauro, Damian Francesco and Aali, Amirali and Abate, Yohannes Habtegiorgis and Abbafati, Cristiana and Abbastabar, Hedayat and Abd ElHafeez, Samar and Abdelmasseh, Michael and Abd-Elsalam, Sherief and Abdollahi, Arash and Abdullahi, Auwal and Abegaz, Kedir Hussein and Abelda{\~{n}}o Zu{\~{n}}iga, Roberto Ariel and Aboagye, Richard Gyan and Abolhassani, Hassan and Abreu, Lucas Guimarães and Abualruz, Hasan and Abu-Gharbieh, Eman and Abu-Rmeileh, Niveen ME and Ackerman, Ilana N and Addo, Isaac Yeboah and Addolorato, Giovanni and Adebiyi, Akindele Olupelumi and Adepoju, Abiola Victor and Adewuyi, Habeeb Omoponle and Afyouni, Shadi and Afzal, Saira and Afzal, Sina and Agodi, Antonella and Ahmad, Aqeel and Ahmad, Danish and Ahmad, Firdos and Ahmad, Shahzaib and Ahmed, Ali and Ahmed, Luai A and Ahmed, Muktar Beshir and Ajami, Marjan and Akinosoglou, Karolina and Akkaif, Mohammed Ahmed and Al Hasan, Syed Mahfuz and Alalalmeh, Samer O and Al-Aly, Ziyad and Albashtawy, Mohammed and Aldridge, Robert W and Alemu, Meseret Desalegn and Alemu, Yihun Mulugeta and Alene, Kefyalew Addis and Al-Gheethi, Adel Ali Saeed and Alharrasi, Maryam and Alhassan, Robert Kaba and Ali, Mohammed Usman and Ali, Rafat and Ali, Syed Shujait Shujait and Alif, Sheikh Mohammad and Aljunid, Syed Mohamed and Al-Marwani, Sabah and Almazan, Joseph Uy and Alomari, Mahmoud A and Al-Omari, Basem and Altaany, Zaid and Alvis-Guzman, Nelson and Alvis-Zakzuk, Nelson J and Alwafi, Hassan and Al-Wardat, Mohammad Sami and Al-Worafi, Yaser Mohammed and Aly, Safwat and Alzoubi, Karem H and Amare, Azmeraw T and Amegbor, Prince M and Ameyaw, Edward Kwabena and Amin, Tarek Tawfik and Amindarolzarbi, Alireza and Amiri, Sohrab and Amugsi, Dickson A and Ancuceanu, Robert and Anderlini, Deanna and Anderson, David B and Andrade, Pedro Prata and Andrei, Catalina Liliana and Ansari, Hossein and Antony, Catherine M and Anwar, Saleha and Anwar, Sumadi Lukman and Anwer, Razique and Anyanwu, Philip Emeka and Arab, Juan Pablo and Arabloo, Jalal and Arafat, Mosab and Araki, Daniel T and Aravkin, Aleksandr Y and Arkew, Mesay and Armocida, Benedetta and Arndt, Michael Benjamin and Arooj, Mahwish and Artamonov, Anton A and Aruleba, Raphael Taiwo and Arumugam, Ashokan and Ashbaugh, Charlie and Ashemo, Mubarek Yesse and Ashraf, Muhammad and Asika, Marvellous O and Askari, Elaheh and Astell-Burt, Thomas and Athari, Seyyed Shamsadin and Atorkey, Prince and Atout, Maha Moh'd Wahbi and Atreya, Alok and Aujayeb, Avinash and Ausloos, Marcel and Avan, Abolfazl and Awotidebe, Adedapo Wasiu and Awuviry-Newton, Kofi and Ayala Quintanilla, Beatriz Paulina and Ayuso-Mateos, Jose L and Azadnajafabad, Sina and Azevedo, Rui M S and Babu, Abraham Samuel and Badar, Muhammad and Badiye, Ashish D and Baghdadi, Soroush and Bagheri, Nasser and Bah, Sulaiman and Bai, Ruhai and Baker, Jennifer L and Bakkannavar, Shankar M and Bako, Abdulaziz T and Balakrishnan, Senthilkumar and Bam, Kiran and Banik, Palash Chandra and Barchitta, Martina and Bardhan, Mainak and Bardideh, Erfan and Barker-Collo, Suzanne Lyn and Barqawi, Hiba Jawdat and Barrow, Amadou and Barteit, Sandra and Barua, Lingkan and Bashiri Aliabadi, Somaye and Basiru, Afisu and Basu, Sanjay and Basu, Saurav and Bathini, Prapthi Persis and Batra, Kavita and Baune, Bernhard T and Bayileyegn, Nebiyou Simegnew and Behnam, Babak and Behnoush, Amir Hossein and Beiranvand, Maryam and Bejarano Ramirez, Diana Fernanda and Bell, Michelle L and Bello, Olorunjuwon Omolaja and Beloukas, Apostolos and Bensenor, Isabela M and Berezvai, Zombor and Bernabe, Eduardo and Bernstein, Robert S and Bettencourt, Paulo J G and Bhagavathula, Akshaya Srikanth and Bhala, Neeraj and Bhandari, Dinesh and Bhargava, Ashish and Bhaskar, Sonu and Bhat, Vivek and Bhatti, Gurjit Kaur and Bhatti, Jasvinder Singh and Bhatti, Manpreet S and Bhatti, Rajbir and Bhutta, Zulfiqar A and Bikbov, Boris and Bishai, Jessica Devin and Bisignano, Catherine and Bitra, Veera R and Bj{\o}rge, Tone and Bodolica, Virginia and Bodunrin, Aadam Olalekan and Bogale, Eyob Ketema and Bonakdar Hashemi, Milad and Bonny, Aime and Bora Basara, Berrak and Borhany, Hamed and Boxe, Christopher and Brady, Oliver J and Bragazzi, Nicola Luigi and Braithwaite, Dejana and Brant, Luisa C and Brauer, Michael and Breitner, Susanne and Brenner, Hermann and Brown, Julie and Brugha, Traolach and Bulamu, Norma B and Buonsenso, Danilo and Burkart, Katrin and Burns, Richard A and Busse, Reinhard and Bustanji, Yasser and Butt, Zahid A and Byun, Justin and Caetano dos Santos, Florentino Luciano and Calina, Daniela and C{\'{a}}mera, Luis Alberto and Campos-Nonato, Ismael R and Cao, Chao and Capodici, Angelo and Carr, Sinclair and Carreras, Giulia and Carugno, Andrea and Carvalho, Márcia and Castaldelli-Maia, Joao Mauricio and Casta{\~{n}}eda-Orjuela, Carlos A and Castelpietra, Giulio and Catapano, Alberico L and Cattaruzza, Maria Sofia and Caye, Arthur and Cegolon, Luca and Cembranel, Francieli and Cenderadewi, Muthia and Cerin, Ester and Chakraborty, Promit Ananyo and Chan, Jeffrey Shi Kai and Chan, Raymond N C and Chandika, Rama Mohan and Chandrasekar, Eeshwar K and Charalampous, Periklis and Chattu, Vijay Kumar and Chatzimavridou-Grigoriadou, Victoria and Chen, Angela W and Chen, An-Tian and Chen, Catherine S and Chen, Haowei and Chen, Nathalie M and Cheng, Esther T W and Chimed-Ochir, Odgerel and Chimoriya, Ritesh and Ching, Patrick R and Cho, William C S and Choi, Sungchul and Chong, Bryan and Chong, Yuen Yu and Choudhari, Sonali Gajanan and Chowdhury, Rajiv and Christensen, Steffan Wittrup McPhee and Chu, Dinh-Toi and Chukwu, Isaac Sunday and Chung, Eric and Chung, Eunice and Chutiyami, Muhammad and Claassens, Mareli M and Cogen, Rebecca M and Columbus, Alyssa and Conde, Joao and Cortesi, Paolo Angelo and Cousin, Ewerton and Criqui, Michael H and Cruz-Martins, Natália and Dadras, Omid and Dai, Siyu and Dai, Xiaochen and Dai, Zhaoli and Dalaba, Maxwell Ayindenaba and Damiani, Giovanni and Das, Jai K and Das, Saswati and Dashti, Mohsen and D{\'{a}}vila-Cervantes, Claudio Alberto and Davletov, Kairat and De Leo, Diego and Debele, Aklilu Tamire and Debopadhaya, Shayom and DeCleene, Nicole K and Deeba, Farah and Degenhardt, Louisa and Del Bo', Cristian and Delgado-Enciso, Ivan and Demetriades, Andreas K and Denova-Guti{\'{e}}rrez, Edgar and Dervenis, Nikolaos and Desai, Hardik Dineshbhai and Desai, Rupak and Deuba, Keshab and Dhama, Kuldeep and Dharmaratne, Samath Dhamminda and Dhingra, Sameer and Dias da Silva, Diana and Diaz, Daniel and Diaz, Luis Antonio and Diaz, Michael J and Dima, Adriana and Ding, Delaney D and Dirac, M Ashworth and Do, Thao Huynh Phuong and do Prado, Camila Bruneli and Dohare, Sushil and Dominguez, Regina-Mae Villanueva and Dong, Wanyue and Dongarwar, Deepa and D'Oria, Mario and Dorsey, E Ray and Doshmangir, Leila and Dowou, Robert Kokou and Driscoll, Tim Robert and Dsouza, Haneil Larson and Dsouza, Viola and Dube, John and Dumith, Samuel C and Duncan, Bruce B and Duraes, Andre Rodrigues and Duraisamy, Senbagam and Durojaiye, Oyewole Christopher and Dzianach, Paulina Agnieszka and Dziedzic, Arkadiusz Marian and Eboreime, Ejemai and Ebrahimi, Alireza and Edinur, Hisham Atan and Edvardsson, David and Eikemo, Terje Andreas and Eini, Ebrahim and Ekholuenetale, Michael and Ekundayo, Temitope Cyrus and El Sayed, Iman and El Tantawi, Maha and Elbarazi, Iffat and Elemam, Noha Mousaad and ElGohary, Ghada Metwally Tawfik and Elhadi, Muhammed and Elmeligy, Omar Abdelsadek Abdou and ELNahas, Gihan and Elshaer, Mohammed and Elsohaby, Ibrahim and Engelbert Bain, Luchuo and Erkhembayar, Ryenchindorj and Eshrati, Babak and Estep, Kara and Fabin, Natalia and Fagbamigbe, Adeniyi Francis and Falzone, Luca and Fareed, Mohammad and Farinha, Carla Sofia e Sá and Faris, MoezAlIslam Ezzat Mahmoud and Faro, Andre and Farrokhi, Pegah and Fatehizadeh, Ali and Fauk, Nelsensius Klau and Feigin, Valery L and Feng, Xiaoqi and Fereshtehnejad, Seyed-Mohammad and Feroze, Abdullah Hamid and Ferreira, Nuno and Ferreira, Paulo H and Fischer, Florian and Flavel, Joanne and Flood, David and Flor, Luisa S and Foigt, Nataliya A and Folayan, Morenike Oluwatoyin and Force, Lisa M and Fortuna, Daniela and Foschi, Matteo and Franklin, Richard Charles and Freitas, Alberto and Fukumoto, Takeshi and Furtado, João M and Gaal, Peter Andras and Gadanya, Muktar A and Gaidhane, Abhay Motiramji and Gaihre, Santosh and Galali, Yaseen and Ganbat, Mandukhai and Gandhi, Aravind P and Ganesan, Balasankar and Ganie, Mohd Ashraf and Ganiyani, Mohammad Arfat and Gardner, William M and Gebi, Tilaye Gebru and Gebregergis, Miglas W and Gebrehiwot, Mesfin and Gebremariam, Tesfay B B and Gebremeskel, Teferi Gebru and Gela, Yibeltal Yismaw and Georgescu, Simona Roxana and Getachew Obsa, Abera and Gething, Peter W and Getie, Molla and Ghadiri, Keyghobad and Ghadirian, Fataneh and Ghailan, Khalid Yaser and Ghajar, Alireza and Ghasemi, MohammadReza and Ghasempour Dabaghi, Ghazal and Ghasemzadeh, Afsaneh and Ghazy, Ramy Mohamed and Gholamrezanezhad, Ali and Ghorbani, Mahsa and Ghotbi, Elena and Gibson, Ruth Margaret and Gill, Tiffany K and Ginindza, Themba G and Girmay, Alem and Glasbey, James C and G{\"{o}}b{\"{o}}l{\"{o}}s, Laszlo and Godinho, Myron Anthony and Goharinezhad, Salime and Goldust, Mohamad and Golechha, Mahaveer and Goleij, Pouya and Gona, Philimon N and Gorini, Giuseppe and Goulart, Alessandra C and Grada, Ayman and Grivna, Michal and Guan, Shi-Yang and Guarducci, Giovanni and Gubari, Mohammed Ibrahim Mohialdeen and Gudeta, Mesay Dechasa and Guha, Avirup and Guicciardi, Stefano and Gulati, Snigdha and Gulisashvili, David and Gunawardane, Damitha Asanga and Guo, Cui and Gupta, Anish Kumar and Gupta, Bhawna and Gupta, Ishita and Gupta, Mohak and Gupta, Rajeev and Gupta, Veer Bala and Gupta, Vijai Kumar and Gupta, Vivek Kumar and Guti{\'{e}}rrez, Reyna Alma and Habibzadeh, Farrokh and Habibzadeh, Parham and Haddadi, Rasool and Hadi, Najah R and Haep, Nils and Hafezi-Nejad, Nima and Hafiz, Abdul and Hagins, Hailey and Halboub, Esam S and Halimi, Aram and Haller, Sebastian and Halwani, Rabih and Hamilton, Erin B and Hankey, Graeme J and Hannan, Md Abdul and Haque, Md Nuruzzaman and Harapan, Harapan and Haro, Josep Maria and Hartvigsen, Jan and Hasaballah, Ahmed I and Hasan, Ikramul and Hasanian, Mohammad and Hasnain, Md Saquib and Hassan, Amr and Haubold, Johannes and Havmoeller, Rasmus J and Hay, Simon I and Hayat, Khezar and Hebert, Jeffrey J and Hegazi, Omar E and Heidari, Golnaz and Helfer, Bartosz and Hemmati, Mehdi and Hendrie, Delia and Henson, Claire A and Hezam, Kamal and Hiraike, Yuta and Hoan, Nguyen Quoc and Holla, Ramesh and Hon, Julia and Hossain, Md Mahbub and Hosseinzadeh, Hassan and Hosseinzadeh, Mehdi and Hostiuc, Mihaela and Hostiuc, Sorin and Hsu, Johnathan M and Huang, Junjie and Hugo, Fernando N and Hushmandi, Kiavash and Hussain, Javid and Hussein, Nawfal R and Huynh, Chantal K and Huynh, Hong-Han and Hwang, Bing-Fang and Iannucci, Vincent C and Ihler, Audrey L and Ikiroma, Adalia I and Ikuta, Kevin S and Ilesanmi, Olayinka Stephen and Ilic, Irena M and Ilic, Milena D and Imam, Mohammad Tarique and Immurana, Mustapha and Irham, Lalu Muhammad and Islam, Md Rabiul and Islam, Sheikh Mohammed Shariful and Islami, Farhad and Ismail, Faisal and Ismail, Nahlah Elkudssiah and Isola, Gaetano and Iwagami, Masao and Iwu, Chidozie C D and Iyer, Mahalaxmi and Jaafari, Jalil and Jacobsen, Kathryn H and Jadidi-Niaragh, Farhad and Jafarinia, Morteza and Jaggi, Khushleen and Jahankhani, Kasra and Jahanmehr, Nader and Jahrami, Haitham and Jain, Akhil and Jain, Nityanand and Jairoun, Ammar Abdulrahman and Jaiswal, Abhishek and Jakovljevic, Mihajlo and Jatau, Abubakar Ibrahim and Javadov, Sabzali and Javaheri, Tahereh and Jayapal, Sathish Kumar and Jayaram, Shubha and Jee, Sun Ha and Jeganathan, Jayakumar and Jeyakumar, Angeline and Jha, Anil K and Jiang, Heng and Jin, Yinzi and Jonas, Jost B and Joo, Tamas and Joseph, Abel and Joseph, Nitin and Joshua, Charity Ehimwenma and Jozwiak, Jacek Jerzy and J{\"{u}}risson, Mikk and K, Vaishali and Kaambwa, Billingsley and Kabir, Ali and Kabir, Zubair and Kadashetti, Vidya and Kalani, Rizwan and Kalankesh, Leila R and Kaliyadan, Feroze and Kalra, Sanjay and Kamenov, Kaloyan and Kamyari, Naser and Kanagasabai, Thanigaivelan and Kandel, Himal and Kanmanthareddy, Arun R and Kanmodi, Kehinde Kazeem and Kantar, Rami S and Karaye, Ibraheem M and Karim, Asima and Karimi, Salah Eddin and Karimi, Yeganeh and Kasraei, Hengameh and Kassel, Molly B and Kauppila, Joonas H and Kawakami, Norito and Kayode, Gbenga A and Kazemi, Foad and Kazemian, Sina and Keikavoosi-Arani, Leila and Keller, Cathleen and Kempen, John H and Kerr, Jessica A and Keshtkar, Kamyab and Kesse-Guyot, Emmanuelle and Keykhaei, Mohammad and Khajuria, Himanshu and Khalaji, Amirmohammad and Khalid, Asaad and Khalid, Nauman and Khalilian, Alireza and Khamesipour, Faham and Khan, Asaduzzaman and Khan, Ikramullah and Khan, Maseer and Khan, Moien AB and Khanmohammadi, Shaghayegh and Khatab, Khaled and Khatami, Fatemeh and Khatatbeh, Moawiah Mohammad and Khater, Amir M and Khayat Kashani, Hamid Reza and Khidri, Feriha Fatima and Khodadoust, Elaheh and Khormali, Moein and Khorrami, Zahra and Kifle, Zemene Demelash and Kim, Min Seo and Kimokoti, Ruth W and Kisa, Adnan and Kisa, Sezer and Knudsen, Ann Kristin Skrindo and Kocarnik, Jonathan M and Kochhar, Sonali and Koh, Hyun Yong and Kolahi, Ali-Asghar and Kompani, Farzad and Koren, Gerbrand and Korzh, Oleksii and Kosen, Soewarta and Koulmane Laxminarayana, Sindhura Lakshmi and Krishan, Kewal and Krishna, Varun and Krishnamoorthy, Vijay and Kuate Defo, Barthelemy and Kuddus, Md Abdul and Kuddus, Mohammed and Kuitunen, Ilari and Kulkarni, Vishnutheertha and Kumar, Manasi and Kumar, Nithin and Kumar, Rakesh and Kurmi, Om P and Kusuma, Dian and Kyu, Hmwe Hmwe and La Vecchia, Carlo and Lacey, Ben and Ladan, Muhammad Awwal and Laflamme, Lucie and Lafranconi, Alessandra and Lahariya, Chandrakant and Lai, Daphne Teck Ching and Lal, Dharmesh Kumar and Lalloo, Ratilal and Lallukka, Tea and L{\'{a}}m, Judit and Lan, Qing and Lan, Tuo and Landires, Iván and Lanfranchi, Francesco and Langguth, Berthold and Laplante-L{\'{e}}vesque, Ariane and Larijani, Bagher and Larsson, Anders O and Lasrado, Savita and Lauriola, Paolo and Le, Huu-Hoai and Le, Long Khanh Dao and Le, Nhi Huu Hanh and Le, Trang Diep Thanh and Leasher, Janet L and Ledda, Caterina and Lee, Munjae and Lee, Paul H and Lee, Sang-woong and Lee, Seung Won and Lee, Wei-Chen and Lee, Yo Han and LeGrand, Kate E and Lenzi, Jacopo and Leong, Elvynna and Leung, Janni and Li, Ming-Chieh and Li, Wei and Li, Xiaopan and Li, Yichong and Li, Yongze and Lim, Lee-Ling and Lim, Stephen S and Lindstrom, Megan and Linn, Shai and Liu, Gang and Liu, Runben and Liu, Shiwei and Liu, Wei and Liu, Xiaofeng and Liu, Xuefeng and Llanaj, Erand and Lo, Chun-Han and L{\'{o}}pez-Bueno, Rubén and Loreche, Arianna Maever and Lorenzovici, László and Lozano, Rafael and Lubinda, Jailos and Lucchetti, Giancarlo and Lunevicius, Raimundas and Lusk, Jay B and lv, hengliang and Ma, Zheng Feei and Machairas, Nikolaos and Madureira-Carvalho, Áurea M and Maga{\~{n}}a G{\'{o}}mez, Javier A and Maghazachi, Azzam A and Maharjan, Preeti and Mahasha, Phetole Walter and Maheri, Mina and Mahjoub, Soleiman and Mahmoud, Mansour Adam and Mahmoudi, Elham and Majeed, Azeem and Makris, Konstantinos Christos and Malakan Rad, Elaheh and Malhotra, Kashish and Malik, Ahmad Azam and Malik, Iram and Malta, Deborah Carvalho and Manla, Yosef and Mansour, Ali and Mansouri, Pejman and Mansournia, Mohammad Ali and Mantilla Herrera, Ana M and Mantovani, Lorenzo Giovanni and Manu, Emmanuel and Marateb, Hamid Reza and Mardi, Parham and Martinez, Gabriel and Martinez-Piedra, Ramon and Martini, Daniela and Martins-Melo, Francisco Rogerlândio and Martorell, Miquel and Marx, Wolfgang and Maryam, Sharmeen and Marzo, Roy Rillera and Mathangasinghe, Yasith and Mathieson, Stephanie and Mathioudakis, Alexander G and Mattumpuram, Jishanth and Maugeri, Andrea and Mayeli, Mahsa and Mazidi, Mohsen and Mazzotti, Antonio and McGrath, John J and McKee, Martin and McKowen, Anna Laura W and McPhail, Michael A and Mehrabani-Zeinabad, Kamran and Mehrabi Nasab, Entezar and Mekene Meto, Tesfahun and Mendoza, Walter and Menezes, Ritesh G and Mensah, George A and Mentis, Alexios-Fotios A and Meo, Sultan Ayoub and Meresa, Haftu Asmerom and Meretoja, Atte and Meretoja, Tuomo J and Mersha, Abera M and Mestrovic, Tomislav and Mettananda, Kukulege Chamila Dinushi and Mettananda, Sachith and Michalek, Irmina Maria and Miller, Paul Anthony and Miller, Ted R and Mills, Edward J and Minh, Le Huu Nhat and Mirijello, Antonio and Mirrakhimov, Erkin M and Mirutse, Mizan Kiros and Mirza-Aghazadeh-Attari, Mohammad and Mirzaei, Maryam and Mirzaei, Roya and Misganaw, Awoke and Mishra, Ajay Kumar and Mitchell, Philip B and Mittal, Chaitanya and Moazen, Babak and Moberg, Madeline E and Mohamed, Jama and Mohamed, Mouhand F H and Mohamed, Nouh Saad and Mohammadi, Esmaeil and Mohammadi, Soheil and Mohammed, Hussen and Mohammed, Salahuddin and Mohammed, Shafiu and Mohr, Robin M and Mokdad, Ali H and Molinaro, Sabrina and Momtazmanesh, Sara and Monasta, Lorenzo and Mondello, Stefania and Moodi Ghalibaf, AmirAli and Moradi, Maryam and Moradi, Yousef and Moradi-Lakeh, Maziar and Moraga, Paula and Morawska, Lidia and Moreira, Rafael Silveira and Morovatdar, Negar and Morrison, Shane Douglas and Morze, Jakub and Mosapour, Abbas and Mosser, Jonathan F and Mossialos, Elias and Motappa, Rohith and Mougin, Vincent and Mouodi, Simin and Mrejen, Matías and Msherghi, Ahmed and Mubarik, Sumaira and Mueller, Ulrich Otto and Mulita, Francesk and Munjal, Kavita and Murillo-Zamora, Efrén and Murlimanju, BV and Mustafa, Ghulam and Muthu, Sathish and Muzaffar, Muhammad and Myung, Woojae and Nagarajan, Ahamarshan Jayaraman and Naghavi, Pirouz and Naik, Ganesh R and Nainu, Firzan and Nair, Sanjeev and Najmuldeen, Hastyar Hama Rashid and Nangia, Vinay and Naqvi, Atta Abbas and Narayana, Aparna Ichalangod and Nargus, Shumaila and Nascimento, Gustavo G and Nashwan, Abdulqadir J and Nasrollahizadeh, Ali and Nasrollahizadeh, Amir and Natto, Zuhair S and Nayak, Biswa Prakash and Nayak, Vinod C and Nduaguba, Sabina Onyinye and Negash, Hadush and Negoi, Ionut and Negoi, Ruxandra Irina and Nejadghaderi, Seyed Aria and Nesbit, Olivia D and Netsere, Henok Biresaw and Ng, Marie and Nguefack-Tsague, Georges and Ngunjiri, Josephine W and Nguyen, Dang H and Nguyen, Hien Quang and Niazi, Robina Khan and Nikolouzakis, Taxiarchis Konstantinos and Nikoobar, Ali and Nikoomanesh, Fatemeh and Nikpoor, Amin Reza and Nnaji, Chukwudi A and Nnyanzi, Lawrence Achilles and Noman, Efaq Ali and Nomura, Shuhei and Norrving, Bo and Nri-Ezedi, Chisom Adaobi and Ntaios, George and Ntsekhe, Mpiko and Nurrika, Dieta and Nzoputam, Chimezie Igwegbe and Nzoputam, Ogochukwu Janet and Oancea, Bogdan and Odetokun, Ismail A and O'Donnell, Martin James and Oguntade, Ayodipupo Sikiru and Oguta, James Odhiambo and Okati-Aliabad, Hassan and Okeke, Sylvester Reuben and Okekunle, Akinkunmi Paul and Okonji, Osaretin Christabel and Olagunju, Andrew T and Olasupo, Omotola O and Olatubi, Matthew Idowu and Oliveira, Gláucia Maria Moraes and Olufadewa, Isaac Iyinoluwa and Olusanya, Bolajoko Olubukunola and Olusanya, Jacob Olusegun and Omar, Hany A and Omer, Goran Latif and Omonisi, Abidemi E Emmanuel and Onie, Sandersan and Onwujekwe, Obinna E and Ordak, Michal and Orish, Verner N and Ortega-Altamirano, Doris V and Ortiz, Alberto and Ortiz-Brizuela, Edgar and Osman, Wael M S and Ostroff, Samuel M and Osuagwu, Uchechukwu Levi and Otoiu, Adrian and Otstavnov, Nikita and Otstavnov, Stanislav S and Ouyahia, Amel and Ouyang, Guoqing and Owolabi, Mayowa O and P A, Mahesh Padukudru and Padron-Monedero, Alicia and Padubidri, Jagadish Rao and Palicz, Tamás and Palladino, Claudia and Pan, Feng and Pandi-Perumal, Seithikurippu R and Pangaribuan, Helena Ullyartha and Panos, Georgios D and Panos, Leonidas D and Pantea Stoian, Anca Mihaela and Pardhan, Shahina and Parikh, Romil R and Pashaei, Ava and Pasovic, Maja and Passera, Roberto and Patel, Jay and Patel, Sangram Kishor and Patil, Shankargouda and Patoulias, Dimitrios and Patthipati, Venkata Suresh and Pawar, Shrikant and Pazoki Toroudi, Hamidreza and Pease, Spencer A and Peden, Amy E and Pedersini, Paolo and Peng, Minjin and Pensato, Umberto and Pepito, Veincent Christian Filipino and Peprah, Emmanuel K and Peprah, Prince and Perdig{\~{a}}o, João and Pereira, Maria Odete and Perianayagam, Arokiasamy and Perico, Norberto and Pesudovs, Konrad and Petermann-Rocha, Fanny Emily and Petri, William A and Pham, Hoang Tran and Philip, Anil K and Phillips, Michael R and Pigeolet, Manon and Pigott, David M and Pillay, Julian David and Piracha, Zahra Zahid and Pirouzpanah, Saeed and Plass, Dietrich and Plotnikov, Evgenii and Poddighe, Dimitri and Polinder, Suzanne and Postma, Maarten J and Pourtaheri, Naeimeh and Prada, Sergio I and Pradhan, Pranil Man Singh and Prakash, V and Prasad, Manya and Prates, Elton Junio Sady and Priscilla, Tina and Pritchett, Natalie and Puri, Pooja and Puvvula, Jagadeesh and Qasim, Nameer Hashim and Qattea, Ibrahim and Qazi, Asma Saleem and Qian, Gangzhen and Rabiee Rad, Mehrdad and Radhakrishnan, Raghu Anekal and Radhakrishnan, Venkatraman and Raeisi Shahraki, Hadi and Rafferty, Quinn and Raggi, Alberto and Raghav, Pankaja Raghav and Rahim, Md Jillur and Rahman, Md Mosfequr and Rahman, Mohammad Hifz Ur and Rahman, Mosiur and Rahman, Muhammad Aziz and Rahmani, Shayan and Rahmanian, Mohammad and Rahmawaty, Setyaningrum and Rajaa, Sathish and Ramadan, Mahmoud Mohammed and Ramasamy, Shakthi Kumaran and Ramasubramani, Premkumar and Ramazanu, Sheena and Rana, Kritika and Ranabhat, Chhabi Lal and Rancic, Nemanja and Rane, Amey and Rao, Chythra R and Rao, Kumuda and Rao, Mithun and Rao, Sowmya J and Rashidi, Mohammad-Mahdi and Rathnaiah Babu, Giridhara and Rauniyar, Santosh Kumar and Rawaf, David Laith and Rawaf, Salman and Razo, Christian and Reddy, Murali Mohan Rama Krishna and Redwan, Elrashdy Moustafa Mohamed and Reifels, Lennart and Reiner Jr, Robert C and Remuzzi, Giuseppe and Renzaho, Andre M N and Reshmi, Bhageerathy and Reyes, Luis Felipe and Rezaei, Nazila and Rezaei, Negar and Rezaei, Nima and Rezaei Hachesu, Peyman and Rezaeian, Mohsen and Rickard, Jennifer and Rodrigues, Célia Fortuna and Rodriguez, Jefferson Antonio Buendia and Roever, Leonardo and Ronfani, Luca and Roshandel, Gholamreza and Rotimi, Kunle and Rout, Himanshu Sekhar and Roy, Bedanta and Roy, Nitai and Roy, Priyanka and Rubagotti, Enrico and S N, Chandan and Saad, Aly M A and Saber-Ayad, Maha Mohamed and Sabour, Siamak and Sacco, Simona and Sachdev, Perminder S and Saddik, Basema and Saddler, Adam and Sadee, Bashdar Abuzed and Sadeghi, Erfan and Sadeghi, Masoumeh and Saeb, Mohammad Reza and Saeed, Umar and Safi, Sher Zaman and Sagar, Rajesh and Sagoe, Dominic and Saif, Zahra and Sajid, Mirza Rizwan and Sakshaug, Joseph W and Salam, Nasir and Salami, Afeez Abolarinwa and Salaroli, Luciane B and Saleh, Mohamed A and Salem, Marwa Rashad and Salem, Mohammed Z Y and Sallam, Malik and Samadzadeh, Sara and Samargandy, Saad and Samodra, Yoseph Leonardo and Samy, Abdallah M and Sanabria, Juan and Sanna, Francesca and Santos, Itamar S and Santric-Milicevic, Milena M and Sarasmita, Made Ary and Sarikhani, Yaser and Sarmiento-Su{\'{a}}rez, Rodrigo and Sarode, Gargi Sachin and Sarode, Sachin C and Sarveazad, Arash and Sathian, Brijesh and Sathyanarayan, Anudeep and Satpathy, Maheswar and Sawhney, Monika and Scarmeas, Nikolaos and Schaarschmidt, Benedikt Michael and Schmidt, Maria Inês and Schneider, Ione Jayce Ceola and Schumacher, Austin E and Schwebel, David C and Schwendicke, Falk and Sedighi, Mansour and Senapati, Sabyasachi and Senthilkumaran, Subramanian and Sepanlou, Sadaf G and Sethi, Yashendra and Setoguchi, Soko and Seylani, Allen and Shadid, Jamileh and Shafie, Mahan and Shah, Humaira and Shah, Nilay S and Shah, Pritik A and Shahbandi, Ataollah and Shahid, Samiah and Shahid, Wajeehah and Shahwan, Moyad Jamal and Shaikh, Masood Ali and Shakeri, Alireza and Shalash, Ali S and Sham, Sunder and Shamim, Muhammad Aaqib and Shamshirgaran, Mohammad Ali and Shamsi, Mohammad Anas and Shanawaz, Mohd and Shankar, Abhishek and Shannawaz, Mohammed and Sharath, Medha and Sharifan, Amin and Sharifi-Rad, Javad and Sharma, Manoj and Sharma, Rajesh and Sharma, Saurab and Sharma, Ujjawal and Sharma, Vishal and Shastry, Rajesh P and Shavandi, Amin and Shayan, Amir Mehdi and Shayan, Maryam and Shehabeldine, Amr Mohamed Elsayed and Shetty, Pavanchand H and Shibuya, Kenji and Shifa, Jemal Ebrahim and Shiferaw, Desalegn and Shiferaw, Wondimeneh Shibabaw and Shigematsu, Mika and Shiri, Rahman and Shitaye, Nebiyu Aniley and Shittu, Aminu and Shivakumar, K M and Shivarov, Velizar and Shokati Eshkiki, Zahra and Shool, Sina and Shrestha, Sunil and Shuval, Kerem and Sibhat, Migbar Mekonnen and Siddig, Emmanuel Edwar and Sigfusdottir, Inga Dora and Silva, Diego Augusto Santos and Silva, João Pedro and Silva, Luís Manuel Lopes Rodrigues and Silva, Soraia and Simpson, Colin R and Singal, Anjali and Singh, Abhinav and Singh, Balbir Bagicha and Singh, Harmanjit and Singh, Jasvinder A and Singh, Mahendra and Singh, Paramdeep and Skou, Søren T and Sleet, David A and Slepak, Erica Leigh N and Solanki, Ranjan and Soliman, Sameh S M and Song, Suhang and Song, Yimeng and Sorensen, Reed J D and Soriano, Joan B and Soyiri, Ireneous N and Spartalis, Michael and Sreeramareddy, Chandrashekhar T and Stark, Benjamin A and Starodubova, Antonina V and Stein, Caroline and Stein, Dan J and Steiner, Caitlyn and Steiner, Timothy J and Steinmetz, Jaimie D and Steiropoulos, Paschalis and Stockfelt, Leo and Stokes, Mark A and Subedi, Narayan Subedi and Subramaniyan, Vetriselvan and Suemoto, Claudia Kimie and Suleman, Muhammad and Suliankatchi Abdulkader, Rizwan and Sultana, Abida and Sundstr{\"{o}}m, Johan and Swain, Chandan Kumar and Szarpak, Lukasz and Tabaee Damavandi, Payam and Tabar{\'{e}}s-Seisdedos, Rafael and Tabatabaei Malazy, Ozra and Tabatabaeizadeh, Seyed-Amir and Tabatabai, Shima and Tabche, Celine and Tabish, Mohammad and Tadakamadla, Santosh Kumar and Taheri Abkenar, Yasaman and Taheri Soodejani, Moslem and Taherkhani, Amir and Taiba, Jabeen and Talaat, Iman M and Talukder, Ashis and Tampa, Mircea and Tamuzi, Jacques Lukenze and Tan, Ker-Kan and Tandukar, Sarmila and Tang, Haosu and Tavakoli Oliaee, Razieh and Tavangar, Seyed Mohammad and Teimoori, Mojtaba and Temsah, Mohamad-Hani and Teramoto, Masayuki and Thangaraju, Pugazhenthan and Thankappan, Kavumpurathu Raman and Thapar, Rekha and Thayakaran, Rasiah and Thirunavukkarasu, Sathish and Thomas, Nihal and Thomas, Nikhil Kenny and Thum, Chern Choong Chern and Tichopad, Ales and Ticoalu, Jansje Henny Vera and Tillawi, Tala and Tiruye, Tenaw Yimer and Tobe-Gai, Ruoyan and Tonelli, Marcello and Topor-Madry, Roman and Torre, Anna E and Touvier, Mathilde and Tovani-Palone, Marcos Roberto and Tran, Jasmine T and Tran, Mai Thi Ngoc and Tran, Nghia Minh and Tran, Ngoc-Ha and Trico, Domenico and Tromans, Samuel Joseph and Truyen, Thien Tan Tri Tai and Tsatsakis, Aristidis and Tsegay, Guesh Mebrahtom and Tsermpini, Evangelia Eirini and Tumurkhuu, Munkhtuya and Tyrovolas, Stefanos and Udoh, Arit and Umair, Muhammad and Umakanthan, Srikanth and Umar, Tungki Pratama and Undurraga, Eduardo A and Unim, Brigid and Unnikrishnan, Bhaskaran and Unsworth, Carolyn Anne and Upadhyay, Era and Urso, Daniele and Usman, Jibrin Sammani and Vahabi, Seyed Mohammad and Vaithinathan, Asokan Govindaraj and Van den Eynde, Jef and Varga, Orsolya and Varma, Ravi Prasad and Vart, Priya and Vasankari, Tommi Juhani and Vasic, Milena and Vaziri, Siavash and Vellingiri, Balachandar and Venketasubramanian, Narayanaswamy and Veroux, Massimiliano and Verras, Georgios-Ioannis and Vervoort, Dominique and Villafa{\~{n}}e, Jorge Hugo and Violante, Francesco S and Vlassov, Vasily and Vollset, Stein Emil and Volovat, Simona Ruxandra and Vongpradith, Avina and Waheed, Yasir and Wang, Cong and Wang, Fang and Wang, Ning and Wang, Shu and Wang, Yanzhong and Wang, Yuan-Pang and Ward, Paul and Wassie, Emebet Gashaw and Weaver, Marcia R and Weerakoon, Kosala Gayan and Weintraub, Robert G and Weiss, Daniel J and Weldemariam, Abrha Hailay and Wells, Katherine M and Wen, Yi Feng and Whisnant, Joanna L and Whiteford, Harvey A and Wiangkham, Taweewat and Wickramasinghe, Dakshitha Praneeth and Wickramasinghe, Nuwan Darshana and Wilandika, Angga and Wilkerson, Caroline and Willeit, Peter and Wimo, Anders and Woldegebreal, Demewoz H and Wolf, Axel Walter and Wong, Yen Jun and Woolf, Anthony D and Wu, Chenkai and Wu, Felicia and Wu, Xinsheng and Wu, Zenghong and Wulf Hanson, Sarah and Xia, Yanjie and Xiao, Hong and Xu, Xiaoyue and Xu, Yvonne Yiru and Yadav, Lalit and Yadollahpour, Ali and Yaghoubi, Sajad and Yamagishi, Kazumasa and Yang, Lin and Yano, Yuichiro and Yao, Yao and Yaribeygi, Habib and Yazdanpanah, Mohammad Hosein and Ye, Pengpeng and Yehualashet, Sisay Shewasinad and Yesuf, Subah Abderehim and Yezli, Saber and Yi{\u{g}}it, Arzu and Yi{\u{g}}it, Vahit and Yigzaw, Zeamanuel Anteneh and Yismaw, Yazachew and Yon, Dong Keon and Yonemoto, Naohiro and Younis, Mustafa Z and Yu, Chuanhua and Yu, Yong and Yusuf, Hadiza and Zahid, Mondal Hasan and Zakham, Fathiah and Zaki, Leila and Zaki, Nazar and Zaman, Burhan Abdullah and Zamora, Nelson and Zand, Ramin and Zandieh, Ghazal G Z and Zar, Heather J and Zarrintan, Armin and Zastrozhin, Mikhail Sergeevich and Zhang, Haijun and Zhang, Ning and Zhang, Yunquan and Zhao, Hanqing and Zhong, Chenwen and Zhong, Panliang and Zhou, Juexiao and Zhu, Zhaohua and Ziafati, Makan and Zieli{\'{n}}ska, Magdalena and Zimsen, Stephanie R M and Zoladl, Mohammad and Zumla, Alimuddin and Zyoud, Samer H and Vos, Theo and Murray, Christopher J L},
    number = {10440},
    month = {5},
    pages = {2133--2161},
    volume = {403},
    doi = {10.1016/S0140-6736(24)00757-8},
    issn = {01406736}
}

@article{Dorsey2018Global2016,
    title = {{Global, regional, and national burden of Parkinson's disease, 1990–2016: a systematic analysis for the Global Burden of Disease Study 2016}},
    year = {2018},
    journal = {The Lancet Neurology},
    author = {Dorsey, E. Ray and Elbaz, Alexis and Nichols, Emma and Abbasi, Nooshin and Abd-Allah, Foad and Abdelalim, Ahmed and Adsuar, Jose C. and Ansha, Mustafa Geleto and Brayne, Carol and Choi, Jee-Young J and Collado-Mateo, Daniel and Dahodwala, Nabila and Do, Huyen Phuc and Edessa, Dumessa and Endres, Matthias and Fereshtehnejad, Seyed-Mohammad and Foreman, Kyle J and Gankpe, Fortune Gbetoho and Gupta, Rahul and Hamidi, Samer and Hankey, Graeme J. and Hay, Simon I. and Hegazy, Mohamed I and Hibstu, Desalegn T. and Kasaeian, Amir and Khader, Yousef and Khalil, Ibrahim and Khang, Young-Ho and Kim, Yun Jin and Kokubo, Yoshihiro and Logroscino, Giancarlo and Massano, João and Mohamed Ibrahim, Norlinah and Mohammed, Mohammed A. and Mohammadi, Alireza and Moradi-Lakeh, Maziar and Naghavi, Mohsen and Nguyen, Binh Thanh and Nirayo, Yirga Legesse and Ogbo, Felix Akpojene and Owolabi, Mayowa Ojo and Pereira, David M. and Postma, Maarten J and Qorbani, Mostafa and Rahman, Muhammad Aziz and Roba, Kedir T. and Safari, Hosein and Safiri, Saeid and Satpathy, Maheswar and Sawhney, Monika and Shafieesabet, Azadeh and Shiferaw, Mekonnen Sisay and Smith, Mari and Szoeke, Cassandra E I and Tabar{\'{e}}s-Seisdedos, Rafael and Truong, Nu Thi and Ukwaja, Kingsley Nnanna and Venketasubramanian, Narayanaswamy and Villafaina, Santos and weldegwergs, Kidu gidey and Westerman, Ronny and Wijeratne, Tissa and Winkler, Andrea S. and Xuan, Bach Tran and Yonemoto, Naohiro and Feigin, Valery L and Vos, Theo and Murray, Christopher J L},
    number = {11},
    month = {11},
    pages = {939--953},
    volume = {17},
    url = {https://linkinghub.elsevier.com/retrieve/pii/S1474442218302953},
    doi = {10.1016/S1474-4422(18)30295-3},
    issn = {14744422}
}

@article{Bender2006HighDisease,
    title = {{High levels of mitochondrial DNA deletions in substantia nigra neurons in aging and Parkinson disease}},
    year = {2006},
    journal = {Nature Genetics},
    author = {Bender, Andreas and Krishnan, Kim J and Morris, Christopher M and Taylor, Geoffrey A and Reeve, Amy K and Perry, Robert H and Jaros, Evelyn and Hersheson, Joshua S and Betts, Joanne and Klopstock, Thomas and Taylor, Robert W and Turnbull, Douglass M},
    number = {5},
    month = {5},
    pages = {515--517},
    volume = {38},
    doi = {10.1038/ng1769},
    issn = {1061-4036}
}

@article{Lau2017High-ResolutionEuropeans,
    title = {{High-Resolution Genetic Maps Identify Multiple Type 2 Diabetes Loci at Regulatory Hotspots in African Americans and Europeans}},
    year = {2017},
    journal = {The American Journal of Human Genetics},
    author = {Lau, Winston and Andrew, Toby and Maniatis, Nikolas},
    number = {5},
    month = {5},
    pages = {803--816},
    volume = {100},
    doi = {10.1016/j.ajhg.2017.04.007},
    issn = {00029297}
}

@article{Weiss2000HowSNPs,
    title = {{How many diseases does it take to map a gene with SNPs?}},
    year = {2000},
    journal = {Nature Genetics},
    author = {Weiss, Kenneth M. and Terwilliger, Joseph D.},
    number = {2},
    month = {10},
    pages = {151--157},
    volume = {26},
    doi = {10.1038/79866},
    issn = {1061-4036}
}

@article{Murphy2009HowSpecies,
    title = {{How mitochondria produce reactive oxygen species}},
    year = {2009},
    journal = {Biochemical Journal},
    author = {Murphy, Michael P.},
    number = {1},
    month = {1},
    pages = {1--13},
    volume = {417},
    doi = {10.1042/BJ20081386},
    issn = {0264-6021}
}

@article{Nalls2019IdentificationStudies,
    title = {{Identification of novel risk loci, causal insights, and heritable risk for Parkinson's disease: a meta-analysis of genome-wide association studies}},
    year = {2019},
    journal = {The Lancet Neurology},
    author = {Nalls, Mike A and Blauwendraat, Cornelis and Vallerga, Costanza L and Heilbron, Karl and Bandres-Ciga, Sara and Chang, Diana and Tan, Manuela and Kia, Demis A and Noyce, Alastair J and Xue, Angli and Bras, Jose and Young, Emily and von Coelln, Rainer and Sim{\'{o}}n-S{\'{a}}nchez, Javier and Schulte, Claudia and Sharma, Manu and Krohn, Lynne and Pihlstr{\o}m, Lasse and Siitonen, Ari and Iwaki, Hirotaka and Leonard, Hampton and Faghri, Faraz and Gibbs, J Raphael and Hernandez, Dena G and Scholz, Sonja W and Botia, Juan A and Martinez, Maria and Corvol, Jean-Christophe and Lesage, Suzanne and Jankovic, Joseph and Shulman, Lisa M and Sutherland, Margaret and Tienari, Pentti and Majamaa, Kari and Toft, Mathias and Andreassen, Ole A and Bangale, Tushar and Brice, Alexis and Yang, Jian and Gan-Or, Ziv and Gasser, Thomas and Heutink, Peter and Shulman, Joshua M and Wood, Nicholas W and Hinds, David A and Hardy, John A and Morris, Huw R and Gratten, Jacob and Visscher, Peter M and Graham, Robert R and Singleton, Andrew B and Adarmes-G{\'{o}}mez, Astrid D and Aguilar, Miquel and Aitkulova, Akbota and Akhmetzhanov, Vadim and Alcalay, Roy N and Alvarez, Ignacio and Alvarez, Victoria and Bandres-Ciga, Sara and Barrero, Francisco Javier and Bergareche Yarza, Jesús Alberto and Bernal-Bernal, Inmaculada and Billingsley, Kimberley and Blauwendraat, Cornelis and Blazquez, Marta and Bonilla-Toribio, Marta and Bot{\'{i}}a, Juan A and Boungiorno, María Teresa and Bras, Jose and Brice, Alexis and Brockmann, Kathrin and Bubb, Vivien and Buiza-Rueda, Dolores and C{\'{a}}mara, Ana and Carrillo, Fátima and Carri{\'{o}}n-Claro, Mario and Cerdan, Debora and Chelban, Viorica and Clarim{\'{o}}n, Jordi and Clarke, Carl and Compta, Yaroslau and Cookson, Mark R and Corvol, Jean-Christophe and Craig, David W and Danjou, Fabrice and Diez-Fairen, Monica and Dols-Icardo, Oriol and Duarte, Jacinto and Duran, Raquel and Escamilla-Sevilla, Francisco and Escott-Price, Valentina and Ezquerra, Mario and Faghri, Faraz and Feliz, Cici and Fern{\'{a}}ndez, Manel and Fern{\'{a}}ndez-Santiago, Rubén and Finkbeiner, Steven and Foltynie, Thomas and Gan-Or, Ziv and Garcia, Ciara and Garc{\'{i}}a-Ruiz, Pedro and Gasser, Thomas and Gibbs, J Raphael and Gomez Heredia, Maria Jose and G{\'{o}}mez-Garre, Pilar and Gonz{\'{a}}lez, Manuel Menéndez and Gonzalez-Aramburu, Isabel and Guelfi, Sebastian and Guerreiro, Rita and Hardy, John and Hassin-Baer, Sharon and Hernandez, Dena G and Heutink, Peter and Hoenicka, Janet and Holmans, Peter and Houlden, Henry and Infante, Jon and Iwaki, Hirotaka and Jes{\'{u}}s, Silvia and Jimenez-Escrig, Adriano and Kaishybayeva, Gulnaz and Kaiyrzhanov, Rauan and Karimova, Altynay and Kia, Demis A and Kinghorn, Kerri J and Koks, Sulev and Krohn, Lynne and Kulisevsky, Jaime and Labrador-Espinosa, Miguel A and Leonard, Hampton L and Lesage, Suzanne and Lewis, Patrick and Lopez-Sendon, Jose Luis and Lovering, Ruth and Lubbe, Steven and Lungu, Codrin and Macias, Daniel and Majamaa, Kari and Manzoni, Claudia and Mar{\'{i}}n, Juan and Marinus, Johan and Marti, Maria Jose and Martinez, Maria and Mart{\'{i}}nez Torres, Irene and Mart{\'{i}}nez-Castrillo, Juan Carlos and Mata, Marina and Mencacci, Niccolo E and M{\'{e}}ndez-del-Barrio, Carlota and Middlehurst, Ben and M{\'{i}}nguez, Adolfo and Mir, Pablo and Mok, Kin Y and Morris, Huw R and Mu{\~{n}}oz, Esteban and Nalls, Mike A and Narendra, Derek and Noyce, Alastair J and Ojo, Oluwadamilola O and Okubadejo, Njideka U and Pagola, Ana Gorostidi and Pastor, Pau and Perez Errazquin, Francisco and Peri{\~{n}}{\'{a}}n-Tocino, Teresa and Pihlstrom, Lasse and Plun-Favreau, Helene and Quinn, John and R'Bibo, Lea and Reed, Xylena and Rezola, Elisabet Mondragon and Rizig, Mie and Rizzu, Patrizia and Robak, Laurie and Rodriguez, Antonio Sanchez and Rouleau, Guy A and Ruiz-Mart{\'{i}}nez, Javier and Ruz, Clara and Ryten, Mina and Sadykova, Dinara and Scholz, Sonja W and Schreglmann, Sebastian and Schulte, Claudia and Sharma, Manu and Shashkin, Chingiz and Shulman, Joshua M and Sierra, María and Siitonen, Ari and Sim{\'{o}}n-S{\'{a}}nchez, Javier and Singleton, Andrew B and Suarez-Sanmartin, Esther and Taba, Pille and Tabernero, Cesar and Tan, Manuela X and Tartari, Juan Pablo and Tejera-Parrado, Cristina and Toft, Mathias and Tolosa, Eduard and Trabzuni, Daniah and Valldeoriola, Francesc and van Hilten, Jacobus J and Van Keuren-Jensen, Kendall and Vargas-Gonz{\'{a}}lez, Laura and Vela, Lydia and Vives, Francisco and Williams, Nigel and Wood, Nicholas W and Zharkinbekova, Nazira and Zharmukhanov, Zharkyn and Zholdybayeva, Elena and Zimprich, Alexander and Ylikotila, Pauli and Shulman, Lisa M. and von Coelln, Rainer and Reich, Stephen and Savitt, Joseph and Agee, Michelle and Alipanahi, Babak and Auton, Adam and Bell, Robert K. and Bryc, Katarzyna and Elson, Sarah L. and Fontanillas, Pierre and Furlotte, Nicholas A. and Huber, Karen E. and Hicks, Barry and Jewett, Ethan M. and Jiang, Yunxuan and Kleinman, Aaron and Lin, Keng-Han and Litterman, Nadia K. and McCreight, Jennifer C. and McIntyre, Matthew H. and McManus, Kimberly F. and Mountain, Joanna L. and Noblin, Elizabeth S. and Northover, Carrie A.M. and Pitts, Steven J. and Poznik, G. David and Sathirapongsasuti, J. Fah and Shelton, Janie F. and Shringarpure, Suyash and Tian, Chao and Tung, Joyce and Vacic, Vladimir and Wang, Xin and Wilson, Catherine H. and Anderson, Tim and Bentley, Steven and Dalrymple-Alford, John and Fowdar, Javed and Gratten, Jacob and Halliday, Glenda and Henders, Anjali K. and Hickie, Ian and Kassam, Irfahan and Kennedy, Martin and Kwok, John and Lewis, Simon and Mellick, George and Montgomery, Grant and Pearson, John and Pitcher, Toni and Sidorenko, Julia and Silburn, Peter A. and Vallerga, Costanza L. and Visscher, Peter M. and Wallace, Leanne and Wray, Naomi R. and Xue, Angli and Yang, Jian and Zhang, Futao},
    number = {12},
    month = {12},
    pages = {1091--1102},
    volume = {18},
    doi = {10.1016/S1474-4422(19)30320-5},
    issn = {14744422}
}

@article{Limphaibool2019InfectiousImplications,
    title = {{Infectious Etiologies of Parkinsonism: Pathomechanisms and Clinical Implications}},
    year = {2019},
    journal = {Frontiers in Neurology},
    author = {Limphaibool, Nattakarn and Iwanowski, Piotr and Holstad, Marte Johanne Veilemand and Kobylarek, Dominik and Kozubski, Wojciech},
    month = {6},
    volume = {10},
    doi = {10.3389/fneur.2019.00652},
    issn = {1664-2295}
}

@article{Pajares2020InflammationImplications,
    title = {{Inflammation in Parkinson’s Disease: Mechanisms and Therapeutic Implications}},
    year = {2020},
    journal = {Cells},
    author = {Pajares, Marta and I. Rojo, Ana and Manda, Gina and Bosc{\'{a}}, Lisardo and Cuadrado, Antonio},
    number = {7},
    month = {7},
    pages = {1687},
    volume = {9},
    doi = {10.3390/cells9071687},
    issn = {2073-4409}
}

@article{Su2013InhibitionMutation,
    title = {{Inhibition of excessive mitochondrial fission reduced aberrant autophagy and neuronal damage caused by LRRK2 G2019S mutation}},
    year = {2013},
    journal = {Human Molecular Genetics},
    author = {Su, Yu-Chin and Qi, Xin},
    number = {22},
    month = {11},
    pages = {4545--4561},
    volume = {22},
    doi = {10.1093/hmg/ddt301},
    issn = {1460-2083}
}

@article{Valdinocci2019IntracellularDisease,
    title = {{Intracellular and Intercellular Mitochondrial Dynamics in Parkinson’s Disease}},
    year = {2019},
    journal = {Frontiers in Neuroscience},
    author = {Valdinocci, Dario and Simões, Rui F. and Kovarova, Jaromira and Cunha-Oliveira, Teresa and Neuzil, Jiri and Pountney, Dean L.},
    month = {9},
    volume = {13},
    doi = {10.3389/fnins.2019.00930},
    issn = {1662-453X}
}

@article{Maayan2011IntroductionBiology,
    title = {{Introduction to Network Analysis in Systems Biology}},
    year = {2011},
    journal = {Science Signaling},
    author = {Ma’ayan, Avi},
    number = {190},
    month = {9},
    volume = {4},
    doi = {10.1126/scisignal.2001965},
    issn = {1945-0877}
}

@article{Kanehisa2016KEGGAnnotation,
    title = {{KEGG as a reference resource for gene and protein annotation}},
    year = {2016},
    journal = {Nucleic Acids Research},
    author = {Kanehisa, Minoru and Sato, Yoko and Kawashima, Masayuki and Furumichi, Miho and Tanabe, Mao},
    number = {D1},
    month = {1},
    pages = {D457-D462},
    volume = {44},
    doi = {10.1093/nar/gkv1070},
    issn = {0305-1048}
}

@article{Machiela2015LDlink:Variants,
    title = {{LDlink: a web-based application for exploring population-specific haplotype structure and linking correlated alleles of possible functional variants}},
    year = {2015},
    journal = {Bioinformatics},
    author = {Machiela, Mitchell J. and Chanock, Stephen J.},
    number = {21},
    month = {11},
    pages = {3555--3557},
    volume = {31},
    doi = {10.1093/bioinformatics/btv402},
    issn = {1367-4811}
}

@article{Riederer2023LewyDisease,
    title = {{Lewy bodies, iron, inflammation and neuromelanin: pathological aspects underlying Parkinson’s disease}},
    year = {2023},
    journal = {Journal of Neural Transmission},
    author = {Riederer, Peter and Nagatsu, Toshiharu and Youdim, Moussa B. H. and Wulf, Max and Dijkstra, Johannes M. and Sian-Huelsmann, Jeswinder},
    number = {5},
    month = {5},
    pages = {627--646},
    volume = {130},
    doi = {10.1007/s00702-023-02630-9},
    issn = {0300-9564}
}

@article{Ritchie2015LimmaStudies,
    title = {{limma powers differential expression analyses for RNA-sequencing and microarray studies}},
    year = {2015},
    journal = {Nucleic Acids Research},
    author = {Ritchie, Matthew E. and Phipson, Belinda and Wu, Di and Hu, Yifang and Law, Charity W. and Shi, Wei and Smyth, Gordon K.},
    number = {7},
    month = {4},
    pages = {e47-e47},
    volume = {43},
    doi = {10.1093/nar/gkv007},
    issn = {1362-4962}
}

@article{Slatkin2008LinkageFuture,
    title = {{Linkage disequilibrium — understanding the evolutionary past and mapping the medical future}},
    year = {2008},
    journal = {Nature Reviews Genetics},
    author = {Slatkin, Montgomery},
    number = {6},
    month = {6},
    pages = {477--485},
    volume = {9},
    doi = {10.1038/nrg2361},
    issn = {1471-0056}
}

@article{Shabalin2012MatrixOperations.,
    title = {{Matrix eQTL: ultra fast eQTL analysis via large matrix operations.}},
    year = {2012},
    journal = {Bioinformatics (Oxford, England)},
    author = {Shabalin, Andrey A},
    number = {10},
    month = {5},
    pages = {1353--8},
    volume = {28},
    doi = {10.1093/bioinformatics/bts163},
    issn = {1367-4811},
    pmid = {22492648}
}

@article{Isik2023MicrogliaDisease,
    title = {{Microglia Mediated Neuroinflammation in Parkinson’s Disease}},
    year = {2023},
    journal = {Cells},
    author = {Isik, Sevim and Yeman Kiyak, Bercem and Akbayir, Rumeysa and Seyhali, Rama and Arpaci, Tahire},
    number = {7},
    month = {3},
    pages = {1012},
    volume = {12},
    doi = {10.3390/cells12071012},
    issn = {2073-4409}
}

@article{Calvo2016MitoCarta2.0:Proteins,
    title = {{MitoCarta2.0: an updated inventory of mammalian mitochondrial proteins}},
    year = {2016},
    journal = {Nucleic Acids Research},
    author = {Calvo, Sarah E. and Clauser, Karl R. and Mootha, Vamsi K.},
    number = {D1},
    month = {1},
    pages = {D1251-D1257},
    volume = {44},
    doi = {10.1093/nar/gkv1003},
    issn = {0305-1048}
}

@article{Rath2021MitoCarta3.0:Annotations,
    title = {{MitoCarta3.0: an updated mitochondrial proteome now with sub-organelle localization and pathway annotations}},
    year = {2021},
    journal = {Nucleic Acids Research},
    author = {Rath, Sneha and Sharma, Rohit and Gupta, Rahul and Ast, Tslil and Chan, Connie and Durham, Timothy J and Goodman, Russell P and Grabarek, Zenon and Haas, Mary E and Hung, Wendy H W and Joshi, Pallavi R and Jourdain, Alexis A and Kim, Sharon H and Kotrys, Anna V and Lam, Stephanie S and McCoy, Jason G and Meisel, Joshua D and Miranda, Maria and Panda, Apekshya and Patgiri, Anupam and Rogers, Robert and Sadre, Shayan and Shah, Hardik and Skinner, Owen S and To, Tsz-Leung and Walker, Melissa A and Wang, Hong and Ward, Patrick S and Wengrod, Jordan and Yuan, Chen-Ching and Calvo, Sarah E and Mootha, Vamsi K},
    number = {D1},
    month = {1},
    pages = {D1541-D1547},
    volume = {49},
    doi = {10.1093/nar/gkaa1011},
    issn = {0305-1048}
}

@article{Bock2020MitochondriaDeath,
    title = {{Mitochondria as multifaceted regulators of cell death}},
    year = {2020},
    journal = {Nature Reviews Molecular Cell Biology},
    author = {Bock, Florian J. and Tait, Stephen W. G.},
    number = {2},
    month = {2},
    pages = {85--100},
    volume = {21},
    doi = {10.1038/s41580-019-0173-8},
    issn = {1471-0072}
}

@article{Annesley2019MitochondriaDisease,
    title = {{Mitochondria in Health and Disease}},
    year = {2019},
    journal = {Cells},
    author = {Annesley, Sarah J. and Fisher, Paul R.},
    number = {7},
    month = {7},
    pages = {680},
    volume = {8},
    doi = {10.3390/cells8070680},
    issn = {2073-4409}
}

@article{Archer2013MitochondrialDiseases,
    title = {{Mitochondrial Dynamics — Mitochondrial Fission and Fusion in Human Diseases}},
    year = {2013},
    journal = {New England Journal of Medicine},
    author = {Archer, Stephen L.},
    number = {23},
    month = {12},
    pages = {2236--2251},
    volume = {369},
    doi = {10.1056/NEJMra1215233},
    issn = {0028-4793}
}

@article{Chen2009MitochondrialDiseases,
    title = {{Mitochondrial dynamics-fusion, fission, movement, and mitophagy-in neurodegenerative diseases}},
    year = {2009},
    journal = {Human Molecular Genetics},
    author = {Chen, H. and Chan, D. C.},
    number = {R2},
    month = {10},
    pages = {R169-R176},
    volume = {18},
    doi = {10.1093/hmg/ddp326},
    issn = {0964-6906}
}

@article{Malpartida2021MitochondrialTherapy,
    title = {{Mitochondrial Dysfunction and Mitophagy in Parkinson’s Disease: From Mechanism to Therapy}},
    year = {2021},
    journal = {Trends in Biochemical Sciences},
    author = {Malpartida, Ana Belen and Williamson, Matthew and Narendra, Derek P. and Wade-Martins, Richard and Ryan, Brent J.},
    number = {4},
    month = {4},
    pages = {329--343},
    volume = {46},
    doi = {10.1016/j.tibs.2020.11.007},
    issn = {09680004}
}

@article{Bhatti2017MitochondrialStrategies,
    title = {{Mitochondrial dysfunction and oxidative stress in metabolic disorders — A step towards mitochondria based therapeutic strategies}},
    year = {2017},
    journal = {Biochimica et Biophysica Acta (BBA) - Molecular Basis of Disease},
    author = {Bhatti, Jasvinder Singh and Bhatti, Gurjit Kaur and Reddy, P. Hemachandra},
    number = {5},
    month = {5},
    pages = {1066--1077},
    volume = {1863},
    doi = {10.1016/j.bbadis.2016.11.010},
    issn = {09254439}
}

@article{Subramaniam2013MitochondrialDisease,
    title = {{Mitochondrial dysfunction and oxidative stress in Parkinson's disease}},
    year = {2013},
    journal = {Progress in Neurobiology},
    author = {Subramaniam, Sudhakar Raja and Chesselet, Marie-Francoise},
    month = {7},
    pages = {17--32},
    volume = {106-107},
    doi = {10.1016/j.pneurobio.2013.04.004},
    issn = {03010082}
}

@article{MoradiVastegani2023MitochondrialStrategies,
    title = {{Mitochondrial Dysfunction and Parkinson’s Disease: Pathogenesis and Therapeutic Strategies}},
    year = {2023},
    journal = {Neurochemical Research},
    author = {Moradi Vastegani, Sadegh and Nasrolahi, Ava and Ghaderi, Shahab and Belali, Rafie and Rashno, Masome and Farzaneh, Maryam and Khoshnam, Seyed Esmaeil},
    number = {8},
    month = {8},
    pages = {2285--2308},
    volume = {48},
    doi = {10.1007/s11064-023-03904-0},
    issn = {0364-3190}
}

@article{Bose2016MitochondrialDisease,
    title = {{Mitochondrial dysfunction in Parkinson's disease}},
    year = {2016},
    journal = {Journal of Neurochemistry},
    author = {Bose, Anindita and Beal, M. Flint},
    number = {S1},
    month = {10},
    pages = {216--231},
    volume = {139},
    doi = {10.1111/jnc.13731},
    issn = {0022-3042}
}

@article{Henrich2023MitochondrialPotential,
    title = {{Mitochondrial dysfunction in Parkinson’s disease – a key disease hallmark with therapeutic potential}},
    year = {2023},
    journal = {Molecular Neurodegeneration},
    author = {Henrich, Martin T. and Oertel, Wolfgang H. and Surmeier, D. James and Geibl, Fanni F.},
    number = {1},
    month = {11},
    pages = {83},
    volume = {18},
    doi = {10.1186/s13024-023-00676-7},
    issn = {1750-1326}
}

@article{Bartman2024MitochondrialDiseases,
    title = {{Mitochondrial Dysfunction: A Key Player in Brain Aging and Diseases}},
    year = {2024},
    journal = {Current Issues in Molecular Biology},
    author = {Bartman, Sydney and Coppotelli, Giuseppe and Ross, Jaime M.},
    number = {3},
    month = {3},
    pages = {1987--2026},
    volume = {46},
    doi = {10.3390/cimb46030130},
    issn = {1467-3045}
}

@article{Rossmann2021MitochondrialDisease,
    title = {{Mitochondrial function in development and disease}},
    year = {2021},
    journal = {Disease Models {\&} Mechanisms},
    author = {Rossmann, Marlies P. and Dubois, Sonia M. and Agarwal, Suneet and Zon, Leonard I.},
    number = {6},
    month = {6},
    volume = {14},
    doi = {10.1242/dmm.048912},
    issn = {1754-8403}
}

@incollection{Goncalves2019MitochondrialGenetics,
    title = {{Mitochondrial Genetics}},
    year = {2019},
    author = {Gon{\c{c}}alves, Vanessa F.},
    pages = {247--255},
    doi = {10.1007/978-981-13-8367-0{\_}13}
}

@article{Eldeeb2022MitochondrialDisease,
    title = {{Mitochondrial quality control in health and in Parkinson’s disease}},
    year = {2022},
    journal = {Physiological Reviews},
    author = {Eldeeb, Mohamed A. and Thomas, Rhalena A. and Ragheb, Mohamed A. and Fallahi, Armaan and Fon, Edward A.},
    number = {4},
    month = {10},
    pages = {1721--1755},
    volume = {102},
    doi = {10.1152/physrev.00041.2021},
    issn = {0031-9333}
}

@article{Pickles2018MitophagyMaintenance,
    title = {{Mitophagy and Quality Control Mechanisms in Mitochondrial Maintenance}},
    year = {2018},
    journal = {Current Biology},
    author = {Pickles, Sarah and Vigi{\'{e}}, Pierre and Youle, Richard J.},
    number = {4},
    month = {2},
    pages = {R170-R185},
    volume = {28},
    doi = {10.1016/j.cub.2018.01.004},
    issn = {09609822}
}

@article{Liberzon2011Molecular3.0,
    title = {{Molecular signatures database (MSigDB) 3.0}},
    year = {2011},
    journal = {Bioinformatics},
    author = {Liberzon, Arthur and Subramanian, Aravind and Pinchback, Reid and Thorvaldsd{\'{o}}ttir, Helga and Tamayo, Pablo and Mesirov, Jill P.},
    number = {12},
    month = {6},
    pages = {1739--1740},
    volume = {27},
    doi = {10.1093/bioinformatics/btr260},
    issn = {1367-4811}
}

@article{Flores-Leon2023MoreLipidopathy,
    title = {{More than meets the eye in Parkinson’s disease and other synucleinopathies: from proteinopathy to lipidopathy}},
    year = {2023},
    journal = {Acta Neuropathologica},
    author = {Flores-Leon, Manuel and Outeiro, Tiago Fleming},
    number = {3},
    month = {9},
    pages = {369--385},
    volume = {146},
    doi = {10.1007/s00401-023-02601-0},
    issn = {0001-6322}
}

@article{Kim2024Multi-ancestryDisease,
    title = {{Multi-ancestry genome-wide association meta-analysis of Parkinson’s disease}},
    year = {2024},
    journal = {Nature Genetics},
    author = {Kim, Jonggeol Jeffrey and Vitale, Dan and Otani, Diego Véliz and Lian, Michelle Mulan and Heilbron, Karl and Aslibekyan, Stella and Auton, Adam and Babalola, Elizabeth and Bell, Robert K. and Bielenberg, Jessica and Bryc, Katarzyna and Bullis, Emily and Cannon, Paul and Coker, Daniella and Partida, Gabriel Cuellar and Dhamija, Devika and Das, Sayantan and Elson, Sarah L. and Eriksson, Nicholas and Filshtein, Teresa and Fitch, Alison and Fletez-Brant, Kipper and Fontanillas, Pierre and Freyman, Will and Granka, Julie M. and Hernandez, Alejandro and Hicks, Barry and Hinds, David A. and Jewett, Ethan M. and Jiang, Yunxuan and Kukar, Katelyn and Kwong, Alan and Lin, Keng-Han and Llamas, Bianca A. and Lowe, Maya and McCreight, Jey C. and McIntyre, Matthew H. and Micheletti, Steven J. and Moreno, Meghan E. and Nandakumar, Priyanka and Nguyen, Dominique T. and Noblin, Elizabeth S. and O’Connell, Jared and Petrakovitz, Aaron A. and Poznik, G. David and Reynoso, Alexandra and Schloetter, Madeleine and Schumacher, Morgan and Shastri, Anjali J. and Shelton, Janie F. and Shi, Jingchunzi and Shringarpure, Suyash and Su, Qiaojuan Jane and Tat, Susana A. and Tchakout{\'{e}}, Christophe Toukam and Tran, Vinh and Tung, Joyce Y. and Wang, Xin and Wang, Wei and Weldon, Catherine H. and Wilton, Peter and Wong, Corinna D. and Iwaki, Hirotaka and Lake, Julie and Solsberg, Caroline Warly and Leonard, Hampton and Makarious, Mary B. and Tan, Eng-King and Singleton, Andrew B. and Bandres-Ciga, Sara and Noyce, Alastair J. and Gatto, Emilia M. and Kauffman, Marcelo and Khachatryan, Samson and Tavadyan, Zaruhi and Shepherd, Claire E. and Hunter, Julie and Kumar, Kishore and Ellis, Melina and Renter{\'{i}}a, Miguel E. and Koks, Sulev and Zimprich, Alexander and Schumacher-Schuh, Artur F. and Rieder, Carlos and Awad, Paula Saffie and Tumas, Vitor and Camargos, Sarah and Fon, Edward A. and Monchi, Oury and Fon, Ted and Galleguillos, Benjamin Pizarro and Miranda, Marcelo and Bustamante, Maria Leonor and Olguin, Patricio and Chana, Pedro and Tang, Beisha and Shang, Huifang and Guo, Jifeng and Chan, Piu and Luo, Wei and Arboleda, Gonzalo and Orozc, Jorge and del Rio, Marlene Jimenez and Hernandez, Alvaro and Salama, Mohamed and Kamel, Walaa A. and Zewde, Yared Z. and Brice, Alexis and Corvol, Jean-Christophe and Westenberger, Ana and Illarionova, Anastasia and Mollenhauer, Brit and Klein, Christine and Vollstedt, Eva-Juliane and Hopfner, Franziska and H{\"{o}}glinger, Günter and Madoev, Harutyun and Trinh, Joanne and Junker, Johanna and Lohmann, Katja and Lange, Lara M. and Sharma, Manu and Groppa, Sergiu and Gasser, Thomas and Fang, Zih-Hua and Akpalu, Albert and Xiromerisiou, Georgia and Hadjigorgiou, Georgios and Dagklis, Ioannis and Tarnanas, Ioannis and Stefanis, Leonidas and Stamelou, Maria and Dadiotis, Efthymios and Medina, Alex and Chan, Germaine Hiu-Fai and Ip, Nancy and Cheung, Nelson Yuk-Fai and Chan, Phillip and Zhou, Xiaopu and Kishore, Asha and Divya, K. P. and Pal, Pramod and Kukkle, Prashanth Lingappa and Rajan, Roopa and Borgohain, Rupam and Salari, Mehri and Quattrone, Andrea and Valente, Enza Maria and Parnetti, Lucilla and Avenali, Micol and Schirinzi, Tommaso and Funayama, Manabu and Hattori, Nobutaka and Shiraishi, Tomotaka and Karimova, Altynay and Kaishibayeva, Gulnaz and Shambetova, Cholpon and Kr{\"{u}}ger, Rejko and Tan, Ai Huey and Ahmad-Annuar, Azlina and Norlinah, Mohamed Ibrahim and Murad, Nor Azian Abdul and Azmin, Shahrul and Lim, Shen-Yang and Mohamed, Wael and Tay, Yi Wen and Martinez-Ramirez, Daniel and Rodriguez-Violante, Mayela and Reyes-P{\'{e}}rez, Paula and Tserensodnom, Bayasgalan and Ojha, Rajeev and Anderson, Tim J. and Pitcher, Toni L. and Sanyaolu, Arinola and Okubadejo, Njideka and Ojo, Oluwadamilola and Aasly, Jan O. and Pihlstr{\o}m, Lasse and Tan, Manuela and Ur-Rehman, Shoaib and Veliz-Otani, Diego and Cornejo-Olivas, Mario and Doquenia, Maria Leila and Rosales, Raymond and Vinuela, Angel and Iakovenko, Elena and Mubarak, Bashayer Al and Umair, Muhammad and Amod, Ferzana and Carr, Jonathan and Bardien, Soraya and Jeon, Beomseok and Kim, Yun Joong and Cubo, Esther and Alvarez, Ignacio and Hoenicka, Janet and Beyer, Katrin and Peri{\~{n}}an, Maria Teresa and Pastor, Pau and El-Sadig, Sarah and Brolin, Kajsa and Zweier, Christiane and Tinkhauser, Gerd and Krack, Paul and Lin, Chin-Hsien and Wu, Hsiu-Chuan and Kung, Pin-Jui and Wu, Ruey-Meei and Wu, Yihru and Amouri, Rim and Sassi, Samia Ben and Ba{\c{s}}ak, A. Nazl and Genc, Gencer and {\c{C}}akmak, Özgür Öztop and Ertan, Sibel and Mart{\'{i}}nez-Carrasco, Alejandro and Schrag, Anette and Schapira, Anthony and Carroll, Camille and Bale, Claire and Grosset, Donald and Stafford, Eleanor J. and Houlden, Henry and Morris, Huw R. and Hardy, John and Mok, Kin Ying and Rizig, Mie and Wood, Nicholas and Williams, Nigel and Okunoye, Olaitan and Lewis, Patrick Alfryn and Kaiyrzhanov, Rauan and Weil, Rimona and Love, Seth and Stott, Simon and Jasaityte, Simona and Dey, Sumit and Obese, Vida and Espay, Alberto and O’Grady, Alyssa and Sobering, Andrew K. and Siddiqi, Bernadette and Casey, Bradford and Fiske, Brian and Jonas, Cabell and Cruchaga, Carlos and Pantazis, Caroline B. and Comart, Charisse and Wegel, Claire and Hall, Deborah and Hernandez, Dena and Shiamim, Ejaz and Riley, Ekemini and Faghri, Faraz and Serrano, Geidy E. and Chen, Honglei and Mata, Ignacio F. and Sarmiento, Ignacio Juan Keller and Williamson, Jared and Jankovic, Joseph and Shulman, Joshua and Solle, Justin C. and Murphy, Kaileigh and Nuytemans, Karen and Kieburtz, Karl and Markopoulou, Katerina and Marek, Kenneth and Levine, Kristin S. and Chahine, Lana M. and Ibanez, Laura and Screven, Laurel and Ruffrage, Lauren and Shulman, Lisa and Marsili, Luca and Kuhl, Maggie and Dean, Marissa and Koretsky, Mathew and Puckelwartz, Megan J. and Inca-Martinez, Miguel and Louie, Naomi and Mencacci, Niccolò Emanuele and Albin, Roger and Alcalay, Roy and Walker, Ruth and Chowdhury, Sohini and Dumanis, Sonya and Lubbe, Steven and Xie, Tao and Foroud, Tatiana and Beach, Thomas and Sherer, Todd and Song, Yeajin and Nguyen, Duan and Nguyen, Toan and Atadzhanov, Masharip and Blauwendraat, Cornelis and Nalls, Mike A. and Foo, Jia Nee and Mata, Ignacio},
    number = {1},
    month = {1},
    pages = {27--36},
    volume = {56},
    doi = {10.1038/s41588-023-01584-8},
    issn = {1061-4036}
}

@article{Barrett2012NCBISetsupdate,
    title = {{NCBI GEO: archive for functional genomics data sets—update}},
    year = {2012},
    journal = {Nucleic Acids Research},
    author = {Barrett, Tanya and Wilhite, Stephen E. and Ledoux, Pierre and Evangelista, Carlos and Kim, Irene F. and Tomashevsky, Maxim and Marshall, Kimberly A. and Phillippy, Katherine H. and Sherman, Patti M. and Holko, Michelle and Yefanov, Andrey and Lee, Hyeseung and Zhang, Naigong and Robertson, Cynthia L. and Serova, Nadezhda and Davis, Sean and Soboleva, Alexandra},
    number = {D1},
    month = {11},
    pages = {D991-D995},
    volume = {41},
    doi = {10.1093/nar/gks1193},
    issn = {0305-1048}
}

@article{Marogianni2020NeurodegenerationDisease,
    title = {{Neurodegeneration and Inflammation—An Interesting Interplay in Parkinson’s Disease}},
    year = {2020},
    journal = {International Journal of Molecular Sciences},
    author = {Marogianni, Chrysoula and Sokratous, Maria and Dardiotis, Efthimios and Hadjigeorgiou, Georgios M. and Bogdanos, Dimitrios and Xiromerisiou, Georgia},
    number = {22},
    month = {11},
    pages = {8421},
    volume = {21},
    doi = {10.3390/ijms21228421},
    issn = {1422-0067}
}

@article{Praschberger2023NeuronalToxicity,
    title = {{Neuronal identity defines {$\alpha$}-synuclein and tau toxicity}},
    year = {2023},
    journal = {Neuron},
    author = {Praschberger, Roman and Kuenen, Sabine and Schoovaerts, Nils and Kaempf, Natalie and Singh, Jeevanjot and Janssens, Jasper and Swerts, Jef and Nachman, Eliana and Calatayud, Carles and Aerts, Stein and Poovathingal, Suresh and Verstreken, Patrik},
    number = {10},
    month = {5},
    pages = {1577--1590},
    volume = {111},
    doi = {10.1016/j.neuron.2023.02.033},
    issn = {08966273}
}

@article{Maude2021NewDiabetes.,
    title = {{New Insights Into Mitochondrial Dysfunction at Disease Susceptibility Loci in the Development of Type 2 Diabetes.}},
    year = {2021},
    journal = {Frontiers in endocrinology},
    author = {Maude, Hannah and Lau, Winston and Maniatis, Nikolas and Andrew, Toby},
    pages = {694893},
    volume = {12},
    doi = {10.3389/fendo.2021.694893},
    issn = {1664-2392},
    pmid = {34456865}
}

@article{Narendra2008ParkinAutophagy,
    title = {{Parkin is recruited selectively to impaired mitochondria and promotes their autophagy}},
    year = {2008},
    journal = {The Journal of Cell Biology},
    author = {Narendra, Derek and Tanaka, Atsushi and Suen, Der-Fen and Youle, Richard J.},
    number = {5},
    month = {12},
    pages = {795--803},
    volume = {183},
    doi = {10.1083/jcb.200809125},
    issn = {1540-8140}
}

@article{Hayes2019ParkinsonsParkinsonism,
    title = {{Parkinson's Disease and Parkinsonism}},
    year = {2019},
    journal = {The American Journal of Medicine},
    author = {Hayes, Michael T.},
    number = {7},
    month = {7},
    pages = {802--807},
    volume = {132},
    doi = {10.1016/j.amjmed.2019.03.001},
    issn = {00029343}
}

@article{Costa2023ParkinsonsDisorder,
    title = {{Parkinson's Disease: A Multisystem Disorder}},
    year = {2023},
    journal = {Neuroscience Bulletin},
    author = {Costa, Helena Nunes and Esteves, Ana Raquel and Empadinhas, Nuno and Cardoso, Sandra Morais},
    number = {1},
    month = {1},
    pages = {113--124},
    volume = {39},
    doi = {10.1007/s12264-022-00934-6},
    issn = {1673-7067}
}

@article{Inamdar2007ParkinsonsBeyond,
    title = {{Parkinsons Disease: Genetics and Beyond}},
    year = {2007},
    journal = {Current Neuropharmacology},
    author = {Inamdar, N. and Arulmozhi, D. and Tandon, A. and Bodhankar, S.},
    number = {2},
    month = {6},
    pages = {99--113},
    volume = {5},
    doi = {10.2174/157015907780866893},
    issn = {1570159X}
}

@article{Choi2022PathologicalToxicity,
    title = {{Pathological structural conversion of {$\alpha$}-synuclein at the mitochondria induces neuronal toxicity}},
    year = {2022},
    journal = {Nature Neuroscience},
    author = {Choi, Minee L. and Chappard, Alexandre and Singh, Bhanu P. and Maclachlan, Catherine and Rodrigues, Margarida and Fedotova, Evgeniya I. and Berezhnov, Alexey V. and De, Suman and Peddie, Christopher J. and Athauda, Dilan and Virdi, Gurvir S. and Zhang, Weijia and Evans, James R. and Wernick, Anna I. and Zanjani, Zeinab Shadman and Angelova, Plamena R. and Esteras, Noemi and Vinokurov, Andrey Y. and Morris, Katie and Jeacock, Kiani and Tosatto, Laura and Little, Daniel and Gissen, Paul and Clarke, David J. and Kunath, Tilo and Collinson, Lucy and Klenerman, David and Abramov, Andrey Y. and Horrocks, Mathew H. and Gandhi, Sonia},
    number = {9},
    month = {9},
    pages = {1134--1148},
    volume = {25},
    doi = {10.1038/s41593-022-01140-3},
    issn = {1097-6256}
}

@article{Garcia-Campos2015PathwayArt,
    title = {{Pathway Analysis: State of the Art}},
    year = {2015},
    journal = {Frontiers in Physiology},
    author = {Garc{\'{i}}a-Campos, Miguel A. and Espinal-Enr{\'{i}}quez, Jesús and Hern{\'{a}}ndez-Lemus, Enrique},
    month = {12},
    volume = {6},
    doi = {10.3389/fphys.2015.00383},
    issn = {1664-042X}
}

@article{Narendra2010PINK1Parkin,
    title = {{PINK1 Is Selectively Stabilized on Impaired Mitochondria to Activate Parkin}},
    year = {2010},
    journal = {PLoS Biology},
    author = {Narendra, Derek P. and Jin, Seok Min and Tanaka, Atsushi and Suen, Der-Fen and Gautier, Clement A. and Shen, Jie and Cookson, Mark R. and Youle, Richard J.},
    number = {1},
    month = {1},
    pages = {e1000298},
    volume = {8},
    doi = {10.1371/journal.pbio.1000298},
    issn = {1545-7885}
}

@article{Maniatis2004PositionalDisequilibrium.,
    title = {{Positional cloning by linkage disequilibrium.}},
    year = {2004},
    journal = {American journal of human genetics},
    author = {Maniatis, Nikolas and Collins, Andrew and Gibson, Jane and Zhang, Weihua and Tapper, William and Morton, Newton E},
    number = {5},
    month = {5},
    pages = {846--55},
    volume = {74},
    doi = {10.1086/383589},
    issn = {0002-9297},
    pmid = {15048619}
}

@article{Ng2001PredictingSubstitutions,
    title = {{Predicting Deleterious Amino Acid Substitutions}},
    year = {2001},
    journal = {Genome Research},
    author = {Ng, Pauline C. and Henikoff, Steven},
    number = {5},
    month = {5},
    pages = {863--874},
    volume = {11},
    doi = {10.1101/gr.176601},
    issn = {1088-9051}
}

@article{Brieger2012ReactiveDisease,
    title = {{Reactive oxygen species: from health to disease}},
    year = {2012},
    journal = {Swiss Medical Weekly},
    author = {Brieger, K and Schiavone, S and Miller, Jr. and Krause, KH},
    month = {8},
    doi = {10.4414/smw.2012.13659},
    issn = {1424-7860}
}

@article{Li2011RSEM:Genome,
    title = {{RSEM: accurate transcript quantification from RNA-Seq data with or without a reference genome}},
    year = {2011},
    journal = {BMC Bioinformatics},
    author = {Li, Bo and Dewey, Colin N},
    number = {1},
    month = {12},
    pages = {323},
    volume = {12},
    doi = {10.1186/1471-2105-12-323},
    issn = {1471-2105}
}

@article{Maher2002SegregationGene,
    title = {{Segregation analysis of Parkinson disease revealing evidence for a major causative gene}},
    year = {2002},
    journal = {American Journal of Medical Genetics},
    author = {Maher, N.E. and Currie, L.J. and Lazzarini, A.M. and Wilk, J.B. and Taylor, C.A. and Saint‐Hilaire, M.H. and Feldman, R.G. and Golbe, L.I. and Wooten, G.F. and Myers, R.H.},
    number = {3},
    month = {5},
    pages = {191--197},
    volume = {109},
    doi = {10.1002/ajmg.10335},
    issn = {0148-7299}
}

@article{Dobin2013STAR:Aligner,
    title = {{STAR: ultrafast universal RNA-seq aligner}},
    year = {2013},
    journal = {Bioinformatics},
    author = {Dobin, Alexander and Davis, Carrie A. and Schlesinger, Felix and Drenkow, Jorg and Zaleski, Chris and Jha, Sonali and Batut, Philippe and Chaisson, Mark and Gingeras, Thomas R.},
    number = {1},
    month = {1},
    pages = {15--21},
    volume = {29},
    doi = {10.1093/bioinformatics/bts635},
    issn = {1367-4811}
}

@article{Neumeyer2020StrengtheningLoci,
    title = {{Strengthening Causal Inference for Complex Disease Using Molecular Quantitative Trait Loci}},
    year = {2020},
    journal = {Trends in Molecular Medicine},
    author = {Neumeyer, Sonja and Hemani, Gibran and Zeggini, Eleftheria},
    number = {2},
    month = {2},
    pages = {232--241},
    volume = {26},
    doi = {10.1016/j.molmed.2019.10.004},
    issn = {14714914}
}

@article{Ben-Shlomo2024TheDisease,
    title = {{The epidemiology of Parkinson's disease}},
    year = {2024},
    journal = {The Lancet},
    author = {Ben-Shlomo, Yoav and Darweesh, Sirwan and Llibre-Guerra, Jorge and Marras, Connie and San Luciano, Marta and Tanner, Caroline},
    number = {10423},
    month = {1},
    pages = {283--292},
    volume = {403},
    doi = {10.1016/S0140-6736(23)01419-8},
    issn = {01406736}
}

@article{Bressan2023TheMechanism,
    title = {{The Foundational Data Initiative for Parkinson Disease: Enabling efficient translation from genetic maps to mechanism}},
    year = {2023},
    journal = {Cell Genomics},
    author = {Bressan, Elisangela and Reed, Xylena and Bansal, Vikas and Hutchins, Elizabeth and Cobb, Melanie M. and Webb, Michelle G. and Alsop, Eric and Grenn, Francis P. and Illarionova, Anastasia and Savytska, Natalia and Violich, Ivo and Broeer, Stefanie and Fernandes, Noémia and Sivakumar, Ramiyapriya and Beilina, Alexandra and Billingsley, Kimberley J. and Berghausen, Joos and Pantazis, Caroline B. and Pitz, Vanessa and Patel, Dhairya and Daida, Kensuke and Meechoovet, Bessie and Reiman, Rebecca and Courtright-Lim, Amanda and Logemann, Amber and Antone, Jerry and Barch, Mariya and Kitchen, Robert and Li, Yan and Dalgard, Clifton L. and Rizzu, Patrizia and Hernandez, Dena G. and Hjelm, Brooke E. and Nalls, Mike and Gibbs, J. Raphael and Finkbeiner, Steven and Cookson, Mark R. and Van Keuren-Jensen, Kendall and Craig, David W. and Singleton, Andrew B. and Heutink, Peter and Blauwendraat, Cornelis},
    number = {3},
    month = {3},
    pages = {100261},
    volume = {3},
    doi = {10.1016/j.xgen.2023.100261},
    issn = {2666979X}
}

@article{Aleksander2023The2023,
    title = {{The Gene Ontology knowledgebase in 2023}},
    year = {2023},
    journal = {GENETICS},
    author = {Aleksander, Suzi A and Balhoff, James and Carbon, Seth and Cherry, J Michael and Drabkin, Harold J and Ebert, Dustin and Feuermann, Marc and Gaudet, Pascale and Harris, Nomi L and Hill, David P and Lee, Raymond and Mi, Huaiyu and Moxon, Sierra and Mungall, Christopher J and Muruganugan, Anushya and Mushayahama, Tremayne and Sternberg, Paul W and Thomas, Paul D and Van Auken, Kimberly and Ramsey, Jolene and Siegele, Deborah A and Chisholm, Rex L and Fey, Petra and Aspromonte, Maria Cristina and Nugnes, Maria Victoria and Quaglia, Federica and Tosatto, Silvio and Giglio, Michelle and Nadendla, Suvarna and Antonazzo, Giulia and Attrill, Helen and dos Santos, Gil and Marygold, Steven and Strelets, Victor and Tabone, Christopher J and Thurmond, Jim and Zhou, Pinglei and Ahmed, Saadullah H and Asanitthong, Praoparn and Luna Buitrago, Diana and Erdol, Meltem N and Gage, Matthew C and Ali Kadhum, Mohamed and Li, Kan Yan Chloe and Long, Miao and Michalak, Aleksandra and Pesala, Angeline and Pritazahra, Armalya and Saverimuttu, Shirin C C and Su, Renzhi and Thurlow, Kate E and Lovering, Ruth C and Logie, Colin and Oliferenko, Snezhana and Blake, Judith and Christie, Karen and Corbani, Lori and Dolan, Mary E and Drabkin, Harold J and Hill, David P and Ni, Li and Sitnikov, Dmitry and Smith, Cynthia and Cuzick, Alayne and Seager, James and Cooper, Laurel and Elser, Justin and Jaiswal, Pankaj and Gupta, Parul and Jaiswal, Pankaj and Naithani, Sushma and Lera-Ramirez, Manuel and Rutherford, Kim and Wood, Valerie and De Pons, Jeffrey L and Dwinell, Melinda R and Hayman, G Thomas and Kaldunski, Mary L and Kwitek, Anne E and Laulederkind, Stanley J F and Tutaj, Marek A and Vedi, Mahima and Wang, Shur-Jen and D’Eustachio, Peter and Aimo, Lucila and Axelsen, Kristian and Bridge, Alan and Hyka-Nouspikel, Nevila and Morgat, Anne and Aleksander, Suzi A and Cherry, J Michael and Engel, Stacia R and Karra, Kalpana and Miyasato, Stuart R and Nash, Robert S and Skrzypek, Marek S and Weng, Shuai and Wong, Edith D and Bakker, Erika and Berardini, Tanya Z and Reiser, Leonore and Auchincloss, Andrea and Axelsen, Kristian and Argoud-Puy, Ghislaine and Blatter, Marie-Claude and Boutet, Emmanuel and Breuza, Lionel and Bridge, Alan and Casals-Casas, Cristina and Coudert, Elisabeth and Estreicher, Anne and Livia Famiglietti, Maria and Feuermann, Marc and Gos, Arnaud and Gruaz-Gumowski, Nadine and Hulo, Chantal and Hyka-Nouspikel, Nevila and Jungo, Florence and Le Mercier, Philippe and Lieberherr, Damien and Masson, Patrick and Morgat, Anne and Pedruzzi, Ivo and Pourcel, Lucille and Poux, Sylvain and Rivoire, Catherine and Sundaram, Shyamala and Bateman, Alex and Bowler-Barnett, Emily and Bye-A-Jee, Hema and Denny, Paul and Ignatchenko, Alexandr and Ishtiaq, Rizwan and Lock, Antonia and Lussi, Yvonne and Magrane, Michele and Martin, Maria J and Orchard, Sandra and Raposo, Pedro and Speretta, Elena and Tyagi, Nidhi and Warner, Kate and Zaru, Rossana and Diehl, Alexander D and Lee, Raymond and Chan, Juancarlos and Diamantakis, Stavros and Raciti, Daniela and Zarowiecki, Magdalena and Fisher, Malcolm and James-Zorn, Christina and Ponferrada, Virgilio and Zorn, Aaron and Ramachandran, Sridhar and Ruzicka, Leyla and Westerfield, Monte and Aleksander, Suzi A and Balhoff, James and Carbon, Seth and Cherry, J Michael and Drabkin, Harold J and Ebert, Dustin and Feuermann, Marc and Gaudet, Pascale and Harris, Nomi L and Hill, David P and Lee, Raymond and Mi, Huaiyu and Moxon, Sierra and Mungall, Christopher J and Muruganugan, Anushya and Mushayahama, Tremayne and Sternberg, Paul W and Thomas, Paul D and Van Auken, Kimberly and Ramsey, Jolene and Siegele, Deborah A and Chisholm, Rex L and Fey, Petra and Aspromonte, Maria Cristina and Nugnes, Maria Victoria and Quaglia, Federica and Tosatto, Silvio and Giglio, Michelle and Nadendla, Suvarna and Antonazzo, Giulia and Attrill, Helen and dos Santos, Gil and Marygold, Steven and Strelets, Victor and Tabone, Christopher J and Thurmond, Jim and Zhou, Pinglei and Ahmed, Saadullah H and Asanitthong, Praoparn and Luna Buitrago, Diana and Erdol, Meltem N and Gage, Matthew C and Ali Kadhum, Mohamed and Li, Kan Yan Chloe and Long, Miao and Michalak, Aleksandra and Pesala, Angeline and Pritazahra, Armalya and Saverimuttu, Shirin C C and Su, Renzhi and Thurlow, Kate E and Lovering, Ruth C and Logie, Colin and Oliferenko, Snezhana and Blake, Judith and Christie, Karen and Corbani, Lori and Dolan, Mary E and Drabkin, Harold J and Hill, David P and Ni, Li and Sitnikov, Dmitry and Smith, Cynthia and Cuzick, Alayne and Seager, James and Cooper, Laurel and Elser, Justin and Jaiswal, Pankaj and Gupta, Parul and Jaiswal, Pankaj and Naithani, Sushma and Lera-Ramirez, Manuel and Rutherford, Kim and Wood, Valerie and De Pons, Jeffrey L and Dwinell, Melinda R and Hayman, G Thomas and Kaldunski, Mary L and Kwitek, Anne E and Laulederkind, Stanley J F and Tutaj, Marek A and Vedi, Mahima and Wang, Shur-Jen and D’Eustachio, Peter and Aimo, Lucila and Axelsen, Kristian and Bridge, Alan and Hyka-Nouspikel, Nevila and Morgat, Anne and Aleksander, Suzi A and Cherry, J Michael and Engel, Stacia R and Karra, Kalpana and Miyasato, Stuart R and Nash, Robert S and Skrzypek, Marek S and Weng, Shuai and Wong, Edith D and Bakker, Erika and Berardini, Tanya Z and Reiser, Leonore and Auchincloss, Andrea and Axelsen, Kristian and Argoud-Puy, Ghislaine and Blatter, Marie-Claude and Boutet, Emmanuel and Breuza, Lionel and Bridge, Alan and Casals-Casas, Cristina and Coudert, Elisabeth and Estreicher, Anne and Livia Famiglietti, Maria and Feuermann, Marc and Gos, Arnaud and Gruaz-Gumowski, Nadine and Hulo, Chantal and Hyka-Nouspikel, Nevila and Jungo, Florence and Le Mercier, Philippe and Lieberherr, Damien and Masson, Patrick and Morgat, Anne and Pedruzzi, Ivo and Pourcel, Lucille and Poux, Sylvain and Rivoire, Catherine and Sundaram, Shyamala and Bateman, Alex and Bowler-Barnett, Emily and Bye-A-Jee, Hema and Denny, Paul and Ignatchenko, Alexandr and Ishtiaq, Rizwan and Lock, Antonia and Lussi, Yvonne and Magrane, Michele and Martin, Maria J and Orchard, Sandra and Raposo, Pedro and Speretta, Elena and Tyagi, Nidhi and Warner, Kate and Zaru, Rossana and Diehl, Alexander D and Lee, Raymond and Chan, Juancarlos and Diamantakis, Stavros and Raciti, Daniela and Zarowiecki, Magdalena and Fisher, Malcolm and James-Zorn, Christina and Ponferrada, Virgilio and Zorn, Aaron and Ramachandran, Sridhar and Ruzicka, Leyla and Westerfield, Monte},
    number = {1},
    month = {5},
    volume = {224},
    doi = {10.1093/genetics/iyad031},
    issn = {1943-2631}
}

@article{Day2021ThePractice,
    title = {{The Genetics of Parkinson’s Disease and Implications for Clinical Practice}},
    year = {2021},
    journal = {Genes},
    author = {Day, Jacob Oliver and Mullin, Stephen},
    number = {7},
    month = {6},
    pages = {1006},
    volume = {12},
    doi = {10.3390/genes12071006},
    issn = {2073-4425}
}

@article{Lonsdale2013TheProject,
    title = {{The Genotype-Tissue Expression (GTEx) project}},
    year = {2013},
    journal = {Nature Genetics},
    author = {Lonsdale, John and Thomas, Jeffrey and Salvatore, Mike and Phillips, Rebecca and Lo, Edmund and Shad, Saboor and Hasz, Richard and Walters, Gary and Garcia, Fernando and Young, Nancy and Foster, Barbara and Moser, Mike and Karasik, Ellen and Gillard, Bryan and Ramsey, Kimberley and Sullivan, Susan and Bridge, Jason and Magazine, Harold and Syron, John and Fleming, Johnelle and Siminoff, Laura and Traino, Heather and Mosavel, Maghboeba and Barker, Laura and Jewell, Scott and Rohrer, Dan and Maxim, Dan and Filkins, Dana and Harbach, Philip and Cortadillo, Eddie and Berghuis, Bree and Turner, Lisa and Hudson, Eric and Feenstra, Kristin and Sobin, Leslie and Robb, James and Branton, Phillip and Korzeniewski, Greg and Shive, Charles and Tabor, David and Qi, Liqun and Groch, Kevin and Nampally, Sreenath and Buia, Steve and Zimmerman, Angela and Smith, Anna and Burges, Robin and Robinson, Karna and Valentino, Kim and Bradbury, Deborah and Cosentino, Mark and Diaz-Mayoral, Norma and Kennedy, Mary and Engel, Theresa and Williams, Penelope and Erickson, Kenyon and Ardlie, Kristin and Winckler, Wendy and Getz, Gad and DeLuca, David and MacArthur, Daniel and Kellis, Manolis and Thomson, Alexander and Young, Taylor and Gelfand, Ellen and Donovan, Molly and Meng, Yan and Grant, George and Mash, Deborah and Marcus, Yvonne and Basile, Margaret and Liu, Jun and Zhu, Jun and Tu, Zhidong and Cox, Nancy J and Nicolae, Dan L and Gamazon, Eric R and Im, Hae Kyung and Konkashbaev, Anuar and Pritchard, Jonathan and Stevens, Matthew and Flutre, Timothèe and Wen, Xiaoquan and Dermitzakis, Emmanouil T and Lappalainen, Tuuli and Guigo, Roderic and Monlong, Jean and Sammeth, Michael and Koller, Daphne and Battle, Alexis and Mostafavi, Sara and McCarthy, Mark and Rivas, Manual and Maller, Julian and Rusyn, Ivan and Nobel, Andrew and Wright, Fred and Shabalin, Andrey and Feolo, Mike and Sharopova, Nataliya and Sturcke, Anne and Paschal, Justin and Anderson, James M and Wilder, Elizabeth L and Derr, Leslie K and Green, Eric D and Struewing, Jeffery P and Temple, Gary and Volpi, Simona and Boyer, Joy T and Thomson, Elizabeth J and Guyer, Mark S and Ng, Cathy and Abdallah, Assya and Colantuoni, Deborah and Insel, Thomas R and Koester, Susan E and Little, A Roger and Bender, Patrick K and Lehner, Thomas and Yao, Yin and Compton, Carolyn C and Vaught, Jimmie B and Sawyer, Sherilyn and Lockhart, Nicole C and Demchok, Joanne and Moore, Helen F},
    number = {6},
    month = {6},
    pages = {580--585},
    volume = {45},
    doi = {10.1038/ng.2653},
    issn = {1061-4036}
}

@article{Aguet2020TheTissues,
    title = {{The GTEx Consortium atlas of genetic regulatory effects across human tissues}},
    year = {2020},
    journal = {Science},
    author = {Aguet, François and Anand, Shankara and Ardlie, Kristin G. and Gabriel, Stacey and Getz, Gad A. and Graubert, Aaron and Hadley, Kane and Handsaker, Robert E. and Huang, Katherine H. and Kashin, Seva and Li, Xiao and MacArthur, Daniel G. and Meier, Samuel R. and Nedzel, Jared L. and Nguyen, Duyen T. and Segr{\`{e}}, Ayellet V. and Todres, Ellen and Balliu, Brunilda and Barbeira, Alvaro N. and Battle, Alexis and Bonazzola, Rodrigo and Brown, Andrew and Brown, Christopher D. and Castel, Stephane E. and Conrad, Donald F. and Cotter, Daniel J. and Cox, Nancy and Das, Sayantan and de Goede, Olivia M. and Dermitzakis, Emmanouil T. and Einson, Jonah and Engelhardt, Barbara E. and Eskin, Eleazar and Eulalio, Tiffany Y. and Ferraro, Nicole M. and Flynn, Elise D. and Fresard, Laure and Gamazon, Eric R. and Garrido-Mart{\'{i}}n, Diego and Gay, Nicole R. and Gloudemans, Michael J. and Guig{\'{o}}, Roderic and Hame, Andrew R. and He, Yuan and Hoffman, Paul J. and Hormozdiari, Farhad and Hou, Lei and Im, Hae Kyung and Jo, Brian and Kasela, Silva and Kellis, Manolis and Kim-Hellmuth, Sarah and Kwong, Alan and Lappalainen, Tuuli and Li, Xin and Liang, Yanyu and Mangul, Serghei and Mohammadi, Pejman and Montgomery, Stephen B. and Mu{\~{n}}oz-Aguirre, Manuel and Nachun, Daniel C. and Nobel, Andrew B. and Oliva, Meritxell and Park, YoSon and Park, Yongjin and Parsana, Princy and Rao, Abhiram S. and Reverter, Ferran and Rouhana, John M. and Sabatti, Chiara and Saha, Ashis and Stephens, Matthew and Stranger, Barbara E. and Strober, Benjamin J. and Teran, Nicole A. and Vi{\~{n}}uela, Ana and Wang, Gao and Wen, Xiaoquan and Wright, Fred and Wucher, Valentin and Zou, Yuxin and Ferreira, Pedro G. and Li, Gen and Mel{\'{e}}, Marta and Yeger-Lotem, Esti and Barcus, Mary E. and Bradbury, Debra and Krubit, Tanya and McLean, Jeffrey A. and Qi, Liqun and Robinson, Karna and Roche, Nancy V. and Smith, Anna M. and Sobin, Leslie and Tabor, David E. and Undale, Anita and Bridge, Jason and Brigham, Lori E. and Foster, Barbara A. and Gillard, Bryan M. and Hasz, Richard and Hunter, Marcus and Johns, Christopher and Johnson, Mark and Karasik, Ellen and Kopen, Gene and Leinweber, William F. and McDonald, Alisa and Moser, Michael T. and Myer, Kevin and Ramsey, Kimberley D. and Roe, Brian and Shad, Saboor and Thomas, Jeffrey A. and Walters, Gary and Washington, Michael and Wheeler, Joseph and Jewell, Scott D. and Rohrer, Daniel C. and Valley, Dana R. and Davis, David A. and Mash, Deborah C. and Branton, Philip A. and Barker, Laura K. and Gardiner, Heather M. and Mosavel, Maghboeba and Siminoff, Laura A. and Flicek, Paul and Haeussler, Maximilian and Juettemann, Thomas and Kent, W. James and Lee, Christopher M. and Powell, Conner C. and Rosenbloom, Kate R. and Ruffier, Magali and Sheppard, Dan and Taylor, Kieron and Trevanion, Stephen J. and Zerbino, Daniel R. and Abell, Nathan S. and Akey, Joshua and Chen, Lin and Demanelis, Kathryn and Doherty, Jennifer A. and Feinberg, Andrew P. and Hansen, Kasper D. and Hickey, Peter F. and Jasmine, Farzana and Jiang, Lihua and Kaul, Rajinder and Kibriya, Muhammad G. and Li, Jin Billy and Li, Qin and Lin, Shin and Linder, Sandra E. and Pierce, Brandon L. and Rizzardi, Lindsay F. and Skol, Andrew D. and Smith, Kevin S. and Snyder, Michael and Stamatoyannopoulos, John and Tang, Hua and Wang, Meng and Carithers, Latarsha J. and Guan, Ping and Koester, Susan E. and Little, A. Roger and Moore, Helen M. and Nierras, Concepcion R. and Rao, Abhi K. and Vaught, Jimmie B. and Volpi, Simona},
    number = {6509},
    month = {9},
    pages = {1318--1330},
    volume = {369},
    doi = {10.1126/science.aaz1776},
    issn = {0036-8075}
}

@article{Taanman1999TheReplication,
    title = {{The mitochondrial genome: structure, transcription, translation and replication}},
    year = {1999},
    journal = {Biochimica et Biophysica Acta (BBA) - Bioenergetics},
    author = {Taanman, Jan-Willem},
    number = {2},
    month = {2},
    pages = {103--123},
    volume = {1410},
    doi = {10.1016/S0005-2728(98)00161-3},
    issn = {00052728}
}

@article{Marek2011ThePPMI,
    title = {{The Parkinson Progression Marker Initiative (PPMI)}},
    year = {2011},
    journal = {Progress in Neurobiology},
    author = {Marek, Kenneth and Jennings, Danna and Lasch, Shirley and Siderowf, Andrew and Tanner, Caroline and Simuni, Tanya and Coffey, Chris and Kieburtz, Karl and Flagg, Emily and Chowdhury, Sohini and Poewe, Werner and Mollenhauer, Brit and Klinik, Paracelsus-Elena and Sherer, Todd and Frasier, Mark and Meunier, Claire and Rudolph, Alice and Casaceli, Cindy and Seibyl, John and Mendick, Susan and Schuff, Norbert and Zhang, Ying and Toga, Arthur and Crawford, Karen and Ansbach, Alison and De Blasio, Pasquale and Piovella, Michele and Trojanowski, John and Shaw, Les and Singleton, Andrew and Hawkins, Keith and Eberling, Jamie and Brooks, Deborah and Russell, David and Leary, Laura and Factor, Stewart and Sommerfeld, Barbara and Hogarth, Penelope and Pighetti, Emily and Williams, Karen and Standaert, David and Guthrie, Stephanie and Hauser, Robert and Delgado, Holly and Jankovic, Joseph and Hunter, Christine and Stern, Matthew and Tran, Baochan and Leverenz, Jim and Baca, Marne and Frank, Sam and Thomas, Cathi-Ann and Richard, Irene and Deeley, Cheryl and Rees, Linda and Sprenger, Fabienne and Lang, Elisabeth and Shill, Holly and Obradov, Sanja and Fernandez, Hubert and Winters, Adrienna and Berg, Daniela and Gauss, Katharina and Galasko, Douglas and Fontaine, Deborah and Mari, Zoltan and Gerstenhaber, Melissa and Brooks, David and Malloy, Sophie and Barone, Paolo and Longo, Katia and Comery, Tom and Ravina, Bernard and Grachev, Igor and Gallagher, Kim and Collins, Michelle and Widnell, Katherine L. and Ostrowizki, Suzanne and Fontoura, Paulo and Ho, Tony and Luthman, Johan and Brug, Marcel van der and Reith, Alastair D. and Taylor, Peggy},
    number = {4},
    month = {12},
    pages = {629--635},
    volume = {95},
    doi = {10.1016/j.pneurobio.2011.09.005},
    issn = {03010082}
}

@article{MonzioCompagnoni2020TheDisease,
    title = {{The Role of Mitochondria in Neurodegenerative Diseases: the Lesson from Alzheimer’s Disease and Parkinson’s Disease}},
    year = {2020},
    journal = {Molecular Neurobiology},
    author = {Monzio Compagnoni, Giacomo and Di Fonzo, Alessio and Corti, Stefania and Comi, Giacomo P. and Bresolin, Nereo and Masliah, Eliezer},
    number = {7},
    month = {7},
    pages = {2959--2980},
    volume = {57},
    doi = {10.1007/s12035-020-01926-1},
    issn = {0893-7648}
}

@article{Li2020TheDisease,
    title = {{The role of mitochondrial-related nuclear genes in age-related common disease}},
    year = {2020},
    journal = {Mitochondrion},
    author = {Li, Huanzheng and Slone, Jesse and Huang, Taosheng},
    month = {7},
    pages = {38--47},
    volume = {53},
    doi = {10.1016/j.mito.2020.04.012},
    issn = {15677249}
}

@article{Nassar2023TheUpdate,
    title = {{The UCSC Genome Browser database: 2023 update}},
    year = {2023},
    journal = {Nucleic Acids Research},
    author = {Nassar, Luis R and Barber, Galt P and Benet-Pag{\`{e}}s, Anna and Casper, Jonathan and Clawson, Hiram and Diekhans, Mark and Fischer, Clay and Gonzalez, Jairo Navarro and Hinrichs, Angie S and Lee, Brian T and Lee, Christopher M and Muthuraman, Pranav and Nguy, Beagan and Pereira, Tiana and Nejad, Parisa and Perez, Gerardo and Raney, Brian J and Schmelter, Daniel and Speir, Matthew L and Wick, Brittney D and Zweig, Ann S and Haussler, David and Kuhn, Robert M and Haeussler, Maximilian and Kent, W James},
    number = {D1},
    month = {1},
    pages = {D1188-D1195},
    volume = {51},
    doi = {10.1093/nar/gkac1072},
    issn = {0305-1048}
}

@article{Hinrichs2006The2006.,
    title = {{The UCSC Genome Browser Database: update 2006.}},
    year = {2006},
    journal = {Nucleic acids research},
    author = {Hinrichs, A S and Karolchik, D and Baertsch, R and Barber, G P and Bejerano, G and Clawson, H and Diekhans, M and Furey, T S and Harte, R A and Hsu, F and Hillman-Jackson, J and Kuhn, R M and Pedersen, J S and Pohl, A and Raney, B J and Rosenbloom, K R and Siepel, A and Smith, K E and Sugnet, C W and Sultan-Qurraie, A and Thomas, D J and Trumbower, H and Weber, R J and Weirauch, M and Zweig, A S and Haussler, D and Kent, W J},
    number = {Database issue},
    month = {1},
    pages = {590--8},
    volume = {34},
    doi = {10.1093/nar/gkj144},
    issn = {1362-4962},
    pmid = {16381938}
}

@article{Karolchik2004TheTool.,
    title = {{The UCSC Table Browser data retrieval tool.}},
    year = {2004},
    journal = {Nucleic acids research},
    author = {Karolchik, Donna and Hinrichs, Angela S and Furey, Terrence S and Roskin, Krishna M and Sugnet, Charles W and Haussler, David and Kent, W James},
    number = {Database issue},
    month = {1},
    pages = {493--6},
    volume = {32},
    doi = {10.1093/nar/gkh103},
    issn = {1362-4962},
    pmid = {14681465}
}

@article{Danecek2011TheVCFtools,
    title = {{The variant call format and VCFtools}},
    year = {2011},
    journal = {Bioinformatics},
    author = {Danecek, Petr and Auton, Adam and Abecasis, Goncalo and Albers, Cornelis A. and Banks, Eric and DePristo, Mark A. and Handsaker, Robert E. and Lunter, Gerton and Marth, Gabor T. and Sherry, Stephen T. and McVean, Gilean and Durbin, Richard},
    number = {15},
    month = {8},
    pages = {2156--2158},
    volume = {27},
    doi = {10.1093/bioinformatics/btr330},
    issn = {1367-4811}
}

@article{JansenvanRensburg2021ToxicTurmeric,
    title = {{Toxic Feedback Loop Involving Iron, Reactive Oxygen Species, {$\alpha$}-Synuclein and Neuromelanin in Parkinson’s Disease and Intervention with Turmeric}},
    year = {2021},
    journal = {Molecular Neurobiology},
    author = {Jansen van Rensburg, Zuné and Abrahams, Shameemah and Bardien, Soraya and Kenyon, Colin},
    number = {11},
    month = {11},
    pages = {5920--5936},
    volume = {58},
    doi = {10.1007/s12035-021-02516-5},
    issn = {0893-7648}
}

@article{Lynn2004VARIATIONRECOMBINATION,
    title = {{VARIATION IN HUMAN MEIOTIC RECOMBINATION}},
    year = {2004},
    journal = {Annual Review of Genomics and Human Genetics},
    author = {Lynn, Audrey and Ashley, Terry and Hassold, Terry},
    number = {1},
    month = {9},
    pages = {317--349},
    volume = {5},
    doi = {10.1146/annurev.genom.4.070802.110217},
    issn = {1527-8204}
}

@article{Elizarraras2024WebGestaltMulti-omics,
    title = {{WebGestalt 2024: faster gene set analysis and new support for metabolomics and multi-omics}},
    year = {2024},
    journal = {Nucleic Acids Research},
    author = {Elizarraras, John M and Liao, Yuxing and Shi, Zhiao and Zhu, Qian and Pico, Alexander R and Zhang, Bing},
    month = {5},
    doi = {10.1093/nar/gkae456},
    issn = {0305-1048}
}

@article{Umans2021WhereEQTLs,
    title = {{Where Are the Disease-Associated eQTLs?}},
    year = {2021},
    journal = {Trends in Genetics},
    author = {Umans, Benjamin D. and Battle, Alexis and Gilad, Yoav},
    number = {2},
    month = {2},
    pages = {109--124},
    volume = {37},
    doi = {10.1016/j.tig.2020.08.009},
    issn = {01689525}
}

@article{Spillantini1997-SynucleinBodies,
    title = {{{$\alpha$}-Synuclein in Lewy bodies}},
    year = {1997},
    journal = {Nature},
    author = {Spillantini, Maria Grazia and Schmidt, Marie Luise and Lee, Virginia M.-Y. and Trojanowski, John Q. and Jakes, Ross and Goedert, Michel},
    number = {6645},
    month = {8},
    pages = {839--840},
    volume = {388},
    doi = {10.1038/42166},
    issn = {0028-0836}
}

@article{Mehra2019-SynucleinPathogenesis,
    title = {{{$\alpha$}-Synuclein misfolding and aggregation: Implications in Parkinson’s disease pathogenesis}},
    year = {2019},
    journal = {Biochimica et Biophysica Acta (BBA) - Proteins and Proteomics},
    author = {Mehra, Surabhi and Sahay, Shruti and Maji, Samir K.},
    number = {10},
    month = {10},
    pages = {890--908},
    volume = {1867},
    doi = {10.1016/j.bbapap.2019.03.001},
    issn = {15709639}
}